2975 4842
1330 280 1414 290 —-
1504 242 1626 308 168
1701 280 1796 315 ,---

429 418 549 479 rite
578 416 882 497 sapientia.
935 414 1041 476 Est
1068 414 1264 494 igitur,
1297 416 1579 496 quoniam
1608 413 1758 476 nihil
1787 421 1876 475 est
1898 415 2129 476 ratione
2159 414 2372 477 melius
2403 433 2591 496 eaque
2623 423 2691 478 et

430 502 496 561 in
528 500 768 562 homine
799 506 859 562 et
886 501 949 560 in
979 499 1110 571 deo,
1142 501 1335 578 prima
1365 498 1591 561 homini
1623 518 1758 561 cum
1789 499 1902 561 deo
1931 500 2178 562 rationis
2208 502 2459 562 societas
2472 496 2541 581 ³).

606 586 717 671 (off.
749 590 802 661 1,
845 588 917 661 4,
963 588 1038 644 11
1086 588 1162 664 ff.)
1197 619 1274 629 —
1306 584 1607 663 Principio
1651 585 1858 664 generi
1900 584 2285 646 animantium
2330 586 2491 645 omni
2529 592 2687 647 esta

431 677 645 731 natura
667 669 972 738 tributum,
1004 676 1072 729 ut
1092 687 1174 739 se,
1205 670 1383 730 vitam
1405 686 1743 749 corpusque
1773 675 2012 730 tueatur
2034 668 2412 750 declinetque
2436 688 2504 730 ea
2525 677 2683 747 quae

429 755 706 816 nocitura
719 754 1047 824 videantur,
1080 756 1395 835 emmaque
1425 772 1577 833 quae
1608 755 1728 815 sint
1756 753 1830 814 ad
1854 753 2175 822 ‚vivendum
2204 755 2543 816 necessaria
2572 771 2686 815 an·

431 839 633 916 quirat
674 847 734 899 et
772 847 972 918 paret,
1014 846 1080 899 ut
1117 846 1383 917 pastum,
1415 846 1482 899 ut
1510 837 1784 907 latibula,
1828 836 2032 899 utalia
2065 840 2301 916 generis
2333 838 2594 900 eiusdem
2610 837 2684 917 4).

430 922 550 984 Sed
600 923 756 984 inter
807 923 1110 984 hominem
1153 931 1212 984 et
1249 922 1507 984 belluam
1547 918 1665 983 hoc
1708 923 1963 983 maxime
2002 925 2281 994 interest,
2321 922 2483 1004 quod
2513 923 2687 985 baec

426 1012 686 1076 tantum,
732 1015 1019 1087 quantum
1051 1024 1230 1068 sensu
1259 1014 1549 1078 movetur,
1583 1006 1656 1068 ad
1685 1006 1746 1068 id
1779 1006 1967 1069 solum
2011 1008 2170 1087 quod
2200 1007 2368 1069 adest
2400 1008 2692 1088 quodque

428 1109 716 1170 praesens
757 1101 844 1154 est
889 1110 953 1152 se
984 1093 1410 1162 accommodat,
1454 1090 1719 1169 paullum
1749 1091 2068 1153 admodum
2097 1094 2360 1153 sentiens
2390 1094 2682 1172 praeteri-

427 1183 555 1237 tum
598 1185 698 1237 aut
738 1177 1006 1239 futurum
1021 1175 1088 1256 ⁵).
1148 1177 1338 1238 Homo
1370 1184 1598 1247 autem,
1641 1176 1799 1257 quod
1830 1179 2078 1237 rationis
2107 1183 2197 1238 est
2226 1178 2540 1257 particeps,
2571 1195 2691 1258 per

431 1278 612 1342 quam
647 1263 1071 1340 consequentia
1103 1263 1310 1331 cernit,
1343 1280 1549 1323 causas
1570 1279 1775 1323 rerum
1798 1262 1953 1322 videt
1976 1272 2301 1342 earumque
2321 1279 2684 1343 progressus

431 1355 492 1407 et
521 1348 691 1426 quasi
720 1347 1162 1408 antecessiones
1190 1364 1313 1407 non
1341 1347 1596 1425 ignorat,
1621 1345 2032 1408 similitudines
2054 1354 2358 1426 comparat
2380 1346 2688 1426 rebusque

427 1430 845 1510 praesentibus
874 1430 1141 1509 adiungit
1173 1438 1351 1509 atque
1382 1429 1643 1492 adnectit
1671 1431 1917 1500 futuraS,
1950 1429 2121 1492 facile
2150 1432 2332 1491 totius
2360 1431 2514 1492 vitae
2545 1448 2680 1492 cur-

431 1532 565 1590 sum
592 1515 754 1575 videt
793 1514 868 1576 ad
913 1533 1161 1593 eamque
1204 1515 1533 1594 degendam
1571 1523 1887 1594 praeparat
1927 1533 2026 1575 res
2059 1512 2505 1594 necessarias‘l).
2568 1514 2686 1576 Ea-

429 1599 688 1678 demque
718 1607 928 1662 natura
958 1601 1016 1659 vi
1043 1600 1290 1661 rationis
1319 1600 1619 1661 hominem
1653 1600 1928 1661 conciliat
1957 1600 2181 1661 homini
2208 1608 2268 1661 et
2295 1601 2366 1660 ad
2394 1600 2686 1661 orationis

429 1692 491 1746 et
520 1684 593 1745 ad
617 1685 768 1745 vitae
789 1686 1151 1755 societatem,
1183 1685 1614 1764 ingeneratque
1637 1686 1698 1746 in
1720 1684 1931 1765 primis
1952 1687 2335 1764 praecipuum
2362 1683 2683 1762 quemdam

429 1786 697 1831 amorem
726 1770 787 1829 in
819 1788 922 1830 eos
954 1771 1055 1848 qui
1076 1772 1378 1850 procreati
1407 1777 1548 1831 sunt
1563 1766 1628 1848 ⁷),
1660 1769 2026 1849 impellitque
2050 1776 2116 1830 ut
2136 1770 2440 1830 hominum
2474 1776 2688 1830 coetus

430 1861 491 1914 et
520 1853 950 1915 celebrationes
980 1861 1040 1914 et
1070 1871 1201 1916 esse
1234 1865 1293 1915 et
1323 1874 1355 1915 a
1387 1873 1452 1916 se
1483 1854 1640 1915 obiri
1670 1854 1808 1914 velit
1850 1852 1926 1913 ob
1959 1872 2176 1933 easque
2208 1872 2415 1915 causas
2441 1853 2684 1915 studeat

426 1956 642 2018 parare
674 1956 742 1998 ea
773 1957 927 2017 quae
956 1938 1333 2019 suppeditent
1362 1948 1421 2000 et
1452 1938 1526 2000 ad
1553 1938 1773 2000 cultum
1800 1950 1859 2000 et
1887 1938 1961 2000 ad
1989 1941 2228 2005 victum,
2261 1956 2374 2000 nec
2404 1937 2519 1998 sibi
2549 1937 2684 2009 soli,

427 2022 536 2084 sed
567 2025 823 2101 coniugi,
855 2022 1059 2084 liberis
1090 2025 1422 2104 ceterisque
1452 2033 1604 2104 quos
1635 2041 1806 2084 caros
1836 2022 2052 2084 habeat
2081 2025 2352 2103 tuerique
2383 2022 2599 2084 debeat
2610 2020 2684 2101 ⁸).

426 2106 595 2178 Quae
627 2124 768 2168 cura
795 2109 1112 2168 exsuscitat
1136 2109 1309 2169 etiam
1326 2110 1556 2168 animos
1570 2117 1628 2169 et
1650 2109 1907 2168 maiores
1921 2107 1993 2168 ad
2008 2126 2136 2168 rem
2168 2107 2488 2187 gerendam
2520 2107 2682 2169 facit.

433 2191 592 2251 —In
613 2191 940 2271 primisque
962 2191 1221 2252 hominis
1245 2200 1336 2253 est
1357 2193 1600 2271 propria
1624 2192 1749 2252 veri
1771 2192 2071 2272 inquisitio
2088 2192 2684 2271 atque-investigatio.

427 2275 634 2355 Itaque
679 2293 818 2336 cum
848 2293 1054 2337 sumus
1082 2278 1438 2338 necessariis
1469 2277 1723 2354 negotiis
1758 2278 2035 2354 curisque
2063 2278 2250 2347 vacui,
2281 2284 2408 2338 tum
2439 2294 2690 2338 avemus

426 2359 652 2439 aliquid
683 2359 902 2431 videre,
935 2361 1161 2432 audire,
1194 2360 1530 2431 addiscere,
1565 2362 2084 2443 cognitionemque
2112 2378 2316 2422 rerum
2349 2369 2450 2423 aut
2482 2360 2686 2423 occul-

425 2452 622 2505 tarum
666 2452 769 2505 aut
806 2444 1243 2509 admirabilium
1286 2446 1358 2530 ad
1388 2445 1564 2507 beate
1600 2446 1912 2507 vivendum
1955 2447 2350 2508 necessariam
2384 2445 2679 2507 ducimus

424 2676 778 2746 prudentiam
811 2675 908 2742 ubi
941 2677 1283 2733 invenimus?
1333 2707 1396 2715 —
1445 2679 1498 2743 3)
1605 2680 1969 2748 repugnantia
1991 2680 2188 2742 videre,
2209 2677 2464 2748 ambigua
2482 2680 2685 2737 distin-

426 2752 494 2801 eft
534 2760 604 2801 ue
638 2773 699 2785 -
722 2744 871 2813 „und
897 2748 1080 2800 zwar“
1113 2773 1180 2783 -
1217 2763 1285 2801 zu
1310 2745 1388 2801 St.
1414 2750 1497 2810 65,
1604 2762 1791 2814 gnere.
1838 2774 1902 2784 -—
1954 2750 2273 2804 antecessio
2316 2777 2377 2786 -
2424 2755 2684 2804 concretr

426 2817 475 2876 7,
544 2817 732 2876 usc.1,
758 2817 848 2868 24:
877 2812 1042 2868 hahet
1066 2814 1233 2869 homo
1258 2814 1497 2883 primum
1620 2813 1990 2877 ,Vorlaul'er“,
2036 2815 2086 2870 d.
2124 2815 2177 2870 h.
2223 2815 2686 2883 vorausgehende

328 2900 335 2907 ·
422 2881 744 2937 memoriam
779 2886 836 2936 et
864 2896 991 2937 eam
1021 2880 1288 2936 infinitam
1313 2898 1500 2937 rerum

421 2948 932 3013 innumerabilium;
980 2950 1092 3004 Att.
1125 2952 1183 3014 5,
1219 2954 1272 3004 1:
1307 2949 1499 3017 impri-

423 3015 528 3070 mis
563 3015 724 3072 nohis
760 3033 940 3072 sermo
976 3019 1136 3084 isque
1177 3017 1387 3072 multus
1430 3017 1501 3072 de

423 3090 482 3139 te
501 3081 624 3140 fuit.
648 3111 717 3121 —-
747 3086 801 3150 4)
827 3087 1163 3152 ‘anquirere
1186 3114 1253 3121 —-
1281 3092 1365 3140 est
1389 3084 1497 3138 cir-

425 3165 550 3205 cum
584 3157 911 3218 quaerere':
953 3151 1106 3208 Paul.
1147 3150 1291 3207 Diae.
1367 3194 1379 3206 .
1413 3156 1495 3214 22,

418 3219 765 3339 lvotnbaqzffl),
785 3218 1324 3340 εοῖςῐῦἰιίἒηαυίξίυο
1366 3223 1495 3341 e1111“;

420 3302 600 3408 aaz}
624 3302 1499 3424 333a3b¹fflfs‚vssgssu1toii1ffi1i‚¹l

422 3434 644 3482 corum;
680 3419 844 3487 [App.
870 3420 1084 3476 Metam.
1109 3425 1166 3484 8,
1192 3424 1318 3474 215:
1347 3420 1380 3474 l.
1406 3438 1497 3477 ae·

421 3485 596 3554 dium]
621 3487 743 3544 hier
768 3489 908 3544 auch
935 3505 1041 3543 von
1067 3488 1328 3543 Thieren:
1353 3488 1498 3553 „Ob-

422 3554 596 3609 dach“
624 3554 798 3623 (Engl.
823 3555 1072 3621 shelter).
1096 3584 1164 3593 —
1189 3556 1241 3620 5)
1265 3557 1329 3611 id
1349 3558 1501 3623 quod
1541 3571 1545 3576 ·

419 3623 513 3677 ad.
549 3640 638 3689 qu.
668 3640 957 3690 praesens
981 3629 1067 3680 est
1088 3658 1154 3667 --
1188 3623 1497 3680 Umschrei-

420 3688 576 3756 hung
600 3689 806 3746 durchs
832 3692 1069 3749 Relativ:
1098 3690 1228 3755 „das
1253 3692 1497 3748 Vorhan-

419 3756 563 3812 dene
585 3758 700 3813 und
725 3758 1200 3827 Gegenwartige“,
1229 3759 1368 3815 nach
1399 3760 1498 3816 Ort

418 3823 664 3882 undZeit
683 3843 750 3881 zu
769 3827 1214 3889 unterscheiden,
1240 3825 1331 3882 fin.
1344 3830 1389 3890 1,
1404 3831 1495 3882 17:

419 3907 660 3961 corpore
682 3893 821 3949 nihil
838 3894 952 3948 nisi
971 3910 1258 3965 praesens
1276 3900 1332 3951 et
1348 3895 1501 3962 quod

420 3960 590 4016 adest
613 3961 822 4016 sentire
844 3977 1162 4030 possumuS,
1189 3962 1369 4017 animo
1397 3978 1495 4017 au-
1543 4012 1552 4021 .

417 4033 533 4082 tem
559 4033 613 4084 et
632 4031 953 4095 praeterita
977 4035 1033 4084 et
1084 4035 1277 4084 utura.
1300 4059 1364 4066 —
1392 4030 1495 4084 ad-

418 4096 646 4152 modum
669 4096 854 4164 „gar“.
902 4129 970 4138 —
1010 4100 1041 4148 6
1088 4099 1497 4164 consequentia

418 4187 483 4198 —-
505 4161 962 4232 „folgerichtiger
973 4163 1492 4232 Zusammenhang“,

421 4243 504 4284 or.
544 4234 603 4294 4,
649 4234 739 4286 16:
783 4247 1025 4288 cernere
1067 4235 1492 4298 consequentia,

1601 2859 1899 2948 Ursachen,
1928 2891 1985 2939 to
2028 2927 2041 2939 .
2072 2887 2157 2937 13:
2183 2883 2465 2952 tripertito
2491 2881 2686 2939 distri·-

1602 2948 1806 3005 buatur
1824 2949 1982 3006 locus
2042 2950 2107 3014 ic,
2134 2951 2190 3004 in
2209 2952 2681 3015 consecutionem,

1603 3021 2081 3083 antecessionem,
2122 3020 2561 3087 repugnantiam.
2609 3048 2677 3057 —

1603 3087 1680 3140 ad
1701 3120 1768 3127 -
1801 3102 1867 3141 zu
1895 3088 2278 3142 necessarias.
2312 3115 2378 3123 —
2413 3087 2466 3152 7)
2498 3087 2679 3142 homi-

1602 3168 1730 3208 nem
1764 3182 1829 3190 —
1863 3154 2079 3209 homini
2099 3182 2167 3190 —
2201 3154 2337 3217 „mit
2361 3153 2678 3218 einander“,

1600 3220 1707 3288 vgl.
1735 3217 1814 3276 St.
1840 3225 1920 3283 72,
1947 3226 1996 3277 2.
2029 3250 2097 3259 —
2139 3223 2218 3276 ad
2238 3238 2401 3285 „zum
2425 3222 2680 3286 Zweck“,

1602 3290 1791 3344 oratio
1824 3288 2215 3352 „mfindlicher
2252 3289 2521 3352 Verkehr,
2573 3289 2684 3345 Ge-

1602 3355 2165 3419 dankenaustausch“,
2206 3356 2318 3412 wie
2353 3357 2430 3413 St.
2467 3359 2594 3423 187,
2628 3361 2678 3413 2.

1602 3451 1666 3461 -—
1692 3426 1749 3479 ei
1770 3426 1868 3491 qui
1882 3426 2183 3490 procreati
2202 3441 2249 3480 s.
2275 3451 2339 3461 -—
2364 3424 2684 3480 Umschrei-

1600 3489 1754 3559 hung
1779 3492 1887 3546 wie
1913 3490 1991 3547 St.
2019 3496 2132 3555 183,
2157 3497 2241 3548 30.
2288 3519 2352 3530 -·
2402 3493 2455 3556 8)
2479 3497 2679 3548 coetus

1599 3584 1669 3597 --
1692 3558 2226 3622 „Genossenschasn
2254 3559 2494 3615 Verein“
2573 3559 2678 3615 oli-

1602 3626 1772 3690 tisch,
1808 3626 2113 3682 celebratio
2148 3625 2485 3691 „Festl'eier,
2564 3633 2680 3682 est·

1600 3692 2045 3760 versammlung“
2078 3693 2334 3762 religifm,
2368 3694 2491 3751 dah.
2516 3695 2682 3751 obire

1599 3760 1911 3828 „begehem
1945 3760 2279 3826 besuchen“,
2327 3778 2444 3831 rep.
2484 3766 2543 3825 6,
2581 3765 2675 3816 13:

1601 3827 1831 3883 concilia
1874 3835 2181 3897 coetusque
2219 3829 2507 3884 hominum
2551 3828 2682 3885 iure

1601 3895 1821 3960 sociati,
1846 3913 1990 3964 quae
2014 3899 2277 3952 civitates
2300 3895 2675 3976 appellantur.

1601 3992 1665 4000 -
1697 3964 2072 4032 suppeditare
2115 3966 2196 4019 ad
2230 3992 2298 4001 —
2331 3978 2366 4019 1.
2440 4006 2453 4019 .
2502 3980 2575 4019 su
2602 3966 2675 4032 fi-

1599 4046 1759 4097 cere,
1786 4037 2119 4099 suppetere,
2157 4032 2421 4095 „ausreic
2461 4047 2531 4088 en
2590 4035 2680 4096 fir,

1597 4097 1886 4167 beitragen
1916 4101 2043 4162 zu“,
2093 4100 2247 4155 Tusc.
2293 4103 2480 4162 5,·37:
2613 4115 2674 4154 o-

1596 4167 2123 4303 smannae?
2146 4115 2682 4289 ¹32⁰..
