2975 4842
42 4328 45 4339 ι
42 4302 45 4313 ι
42 4080 53 4287 τ-ῆ-Γ-

42 4604 51 4639 ἢ
42 4496 53 4577 -ss
42 4352 53 4471 υἹ-Ίιιιηιιι

1348 292 1431 303 -
1521 254 1810 318 152-

454 434 665 492 motus
695 446 901 491 earum
931 426 1234 489 stellarum
1266 445 1417 507 quae
1447 426 1597 488 salso
1627 426 1911 488 'vocantur
1939 423 2319 506 errantes¹³).
2363 425 2522 489 Nihil
2551 428 2723 488 enim

461 521 631 576 errat
671 513 833 592 quod
874 514 937 573 in
980 514 1141 574 omni
1185 514 1534 575 aeternitate
1576 517 1885 573 conservat
1924 528 2275 591 progressus
2316 518 2375 572 et
2404 529 2726 589 regressus

460 598 851 679 reliquosque
895 606 1092 660 motus
1135 605 1471 659 constantes
1512 604 1569 658 et
1607 603 1786 658 ratos.
1849 593 2132 665 Quodieo
2174 603 2265 657 est
2314 596 2722 657 admirabilius

458 686 522 745 in
563 684 660 746 bis
698 682 882 744 stellis
920 699 1068 763 quas
1110 682 1389 756 dicimuS,
1435 682 1573 761 quia
1615 688 1739 742 tum
1771 680 2141 742 occultantur
2179 688 2304 741 tum
2333 698 2544 743 rursus
2572 698 2716 759 ape-

460 770 724 837 riuntur,
747 776 874 829 tum
891 768 1110 829 adeunt
1129 775 1255 828 tum
1265 766 1573 838 recedunt,
1597 775 1723 828 tum
1736 767 2092 828 antecedunt
2112 774 2237 827 tum
2250 764 2713 846 subsequuntur,

458 860 594 914 tum
626 851 880 914 celerius
909 859 1220 913 moventur
1251 859 1376 914 tum
1406 852 1660 921 tardius,
1705 857 1832 911 tum
1864 852 2104 912 omnino
2135 869 2212 911 ne
2241 859 2552 911 moventur
2582 851 2715 931 qui-

461 939 634 1009 dem,
678 936 783 998 sed
816 936 887 998 ad
932 936 1230 1016 quoddam
1260 943 1494 1018 tempus
1534 937 1809 997 insistunt
1825 933 1917 1016 ¹⁴).
1977 935 2242 1007 Quarum
2274 954 2346 996 ex
2376 935 2726 1014 disparibus

458 1020 832 1084 motionibus
870 1039 1156 1098 maynum
1197 1039 1424 1083 annum
1461 1021 1861 1083 mathematici
1900 1021 2383 1095 nominaverunt,
2430 1021 2535 1099 qui
2585 1026 2714 1080 tum

458 1107 757 1177 efficitur,
791 1125 925 1168 cum
957 1105 1098 1167 solis
1130 1113 1188 1168 et
1216 1105 1391 1168 lunae
1422 1114 1481 1167 et
1510 1107 1774 1185 quinque
1816 1107 2140 1167 errantium
2170 1105 2243 1166 ad
2277 1105 2524 1166 eandem
2556 1105 2722 1164 inter

466 1212 536 1254 se
581 1194 1088 1271 comparationem
1133 1192 1415 1254 consectis
1454 1191 1718 1251 omnium
1750 1190 1951 1269 spatiis
1981 1198 2069 1251 est
2105 1190 2258 1251 facta
2290 1189 2600 1250 conversio
2617 1186 2722 1267 ¹⁵).

471 1275 640 1347 Quae
670 1294 846 1356 quam
874 1275 1051 1353 longa
1081 1280 1187 1346 sit,
1230 1293 1443 1354 magna
1475 1277 1740 1353 quaestio
1772 1283 1889 1344 est;
1938 1292 2066 1336 esse
2096 1292 2237 1335 vero
2267 1282 2489 1335 certam
2521 1280 2581 1333 et
2611 1272 2716 1334 de-

452 1362 689 1424 finitam
720 1379 965 1422 necesse
996 1357 1190 1438 estffl).
1237 1361 1383 1421 Nam
1417 1379 1481 1421 ea
1508 1377 1660 1437 quae
1680 1361 1937 1422 Saturni
1962 1357 2131 1421 stella
2162 1359 2376 1419 dicitur
2402 1359 2715 1420 Φαίνων-

470 1463 590 1524 que
634 1464 665 1506 a
698 1445 943 1506 Graecis
982 1446 1352 1515 nominatur,
1387 1463 1539 1524 quae
1570 1464 1601 1505 a
1634 1452 1792 1505 terra
1822 1442 1990 1506 abest
2016 1442 2369 1524 plurimum,
2398 1442 2559 1504 XXX
2587 1445 2722 1504 fere

471 1531 648 1590 annis
689 1547 933 1591 cursum
977 1547 1149 1590 suum
1192 1530 1460 1591 conficit:
1502 1530 1567 1590 in
1607 1548 1725 1609 quo
1766 1547 1956 1590 cursu·
1984 1527 2166 1590 multa
2208 1526 2557 1589 mirabiliter
2588 1527 2717 1588 effi-

465 1615 635 1675 ciens
664 1620 791 1675 tum
821 1613 1229 1677 antecedendo
1260 1622 1388 1676 tum
1411 1613 1791 1685 retardando,
1823 1622 1946 1674 tum
1973 1615 2321 1694 vespertinis
2350 1612 2720 1691 temporibus

471 1697 874 1761 delitescendo
904 1706 1033 1761 tum
1062 1701 1364 1760 matutinis
1384 1717 1624 1761 rursum
1656 1716 1720 1760 se
1743 1698 2065 1778 aperiendo
2094 1698 2240 1759 nihil
2267 1699 2538 1759 immutat
2559 1715 2716 1758 sem·

462 1784 718 1862 piternis
775 1783 1151 1846 saeculorum
1214 1783 1530 1855 aetatibus,
1597 1785 1739 1862 quin
1800 1782 2007 1844 eadem
2067 1782 2290 1844 eisdem
2347 1781 2721 1862 temporibus
2825 1848 2832 1853 ,
2935 1802 2936 1805 ’

476 1865 799 1948 efficiam).
859 1868 1021 1930 Infra
1069 1875 1265 1930 autem
1319 1869 1473 1930 hanc
1517 1869 1765 1947 propius
1815 1886 1849 1930 a
1895 1875 2058 1928 terra
2096 1868 2259 1931 Iovis
2297 1865 2466 1928 stella
2506 1867 2721 1938 fertur,

464 2094 581 2142 tam
605 2102 739 2143 vero
765 2094 1012 2142 nostram
1037 2086 1334 2156 praecipue
1368 2087 1455 2142 sol
1492 2093 1545 2142 et
1649 2084 1851 2141 Sonne.
1873 2114 1941 2124 —
1966 2087 2043 2143 ad
2064 2092 2226 2153 temp.
2250 2103 2341 2153 qu.
2364 2088 2717 2141 insistunt—

452 2152 594 2210 luna
626 2153 1011 2217 moderantur,
1054 2171 1155 2209 nec
1191 2154 1416 2211 dubium
1455 2163 1542 2209 est
1648 2154 1765 2216 „sie
1787 2155 2016 2210 macheu
2038 2153 2132 2209 fiir
2156 2153 2276 2209 eine
2294 2153 2412 2209 Zeit
2435 2151 2727 2220 langllalu

446 2221 597 2291 quin
630 2221 750 2290 ipsa
782 2222 923 2278 luna
956 2222 1031 2277 sit
1062 2221 1378 2278 mortalium
1415 2237 1540 2278 cor·
1648 2220 2033 2285 halteninne“;
2061 2221 2202 2277 dann
2228 2221 2375 2277 hiess
2396 2221 2483 2276 ein
2495 2220 2719 2276 solcher

450 2304 677 2358 porum
704 2296 759 2345 et
784 2297 979 2345 auctor
1004 2297 1059 2345 et
1083 2289 1379 2353 conditrix,
1407 2290 1543 2345 adeo
1647 2287 1841 2345 Planet
1864 2290 2186 2346 stationalis
2211 2288 2380 2355 [Plin.
2407 2305 2460 2344 n.
2485 2288 2540 2344 h.
2564 2292 2614 2350 2,
2636 2291 2721 2350 15,

451 2364 536 2412 ⁴ut
579 2355 852 2413 nonnulla
885 2373 1122 2426 corpora
1169 2356 1272 2414 sub
1320 2357 1543 2413 luminis
1646 2356 2194 2414 welcherAbschnitt
2217 2354 2724 2423 fiberh.zuvergl.].

458 2425 584 2480 eius
611 2441 841 2481 accessu
865 2426 1145 2494 patiantur
1170 2433 1462 2493 augmenta
1489 2432 1546 2480 et
1646 2453 1714 2465 --
1740 2425 1823 2491 15)
1848 2441 1929 2481 eoe
1951 2426 2462 2481 -nominaverunt
2483 2451 2553 2462 —
2574 2440 2720 2479 2118.-

449 2492 562 2547 hac
595 2490 953 2548 decrescente
976 2493 1329 2560 minuantur]
1349 2521 1415 2530 —
1432 2510 1541 2560 pu·
1647 2508 1894 2560 gezogen
1927 2509 2051 2549 aus:
2088 2508 2169 2549 eoe
2194 2520 2264 2531 —
2297 2489 2457 2558 (eum
2488 2489 2716 2559 annum)

460 2559 703 2616 bescere
726 2587 794 2597 —
818 2559 1128 2627 „gedeihen
1144 2603 1156 2622 ,
1183 2560 1542 2616 heranwach-
1645 2560 2056 2617 constituerunt
2066 2577 2230 2630 quem
2242 2575 2499 2627 magnum
2512 2575 2716 2614 annum

460 2629 620 2688 sen“‚
656 2643 707 2681 n.
746 2625 797 2683 d.
824 2632 879 2689 1,
904 2631 961 2681 2:
1000 2627 1181 2683 omnia
1213 2644 1355 2696 quae
1391 2635 1539 2684 terra
1646 2629 2093 2692 nominaverunt;
2131 2626 2276 2683 ahnl.
2301 2626 2446 2695 legg.
2474 2632 2520 2690 1,
2547 2631 2595 2689 8,
2621 2630 2716 2680 24:

458 2694 649 2762 gignit
679 2701 952 2750 maturata
982 2694 1316 2762 pubescunt.
1347 2723 1415 2732 —
1451 2694 1537 2762 13)
1645 2712 1726 2751 ew
1746 2712 1860 2765 quo
1886 2712 2014 2752 vere
2036 2696 2123 2751 vel
2148 2696 2367 2763 agnatio
2401 2694 2563 2750 nobis
2589 2710 2718 2750 cum

464 2767 750 2844 gri-antes
773 2790 842 2799 -
866 2760 1052 2818 wortl.
1080 2761 1300 2818 UeberS.
1326 2779 1432 2818 von
1469 2759 1542 2816 τοὶ
1647 2762 1976 2820 caelestibus
2003 2763 2090 2819 vel
2114 2779 2289 2831 genus
2309 2761 2396 2817 vel
2416 2764 2586 2831 stirps
2613 2780 2717 2829 ap-

460 2842 653 2896 αστρα
697 2824 1121 2897 πλανώμενα
1169 2830 1346 2896 (Plat.
1396 2831 1543 2899 legg.
1641 2831 1854 2899 pellan·
1883 2838 2087 2901 potest.
2127 2859 2194 2868 -
2236 2831 2433 2888 eadem
2466 2833 2622 2886 inter
2654 2845 2718 2885 se

444 2914 516 2967 p.
537 2901 640 2950 822
651 2897 733 2963 A.)
761 2897 847 2953 od.
875 2893 937 2950 οἷ
956 2899 1315 2967 πλανῆται
1336 2896 1543 2967 (Arist.
1640 2915 1822 2967 comp.
1854 2897 2150 2962 „dasselbe
2179 2913 2247 2966 ge
2289 2898 2558 2966 enseitige
2581 2898 2719 2952 Ver-

467 2973 701 3022 meteor.
739 2971 786 3028 1,
811 2965 902 3030 6);
940 2964 1029 3021 die
1052 2966 1391 3034 Benennuug
1414 2984 1463 3035 v.
1489 2965 1541 3022 d.
1645 2967 1904 3030 haltniss,
1953 2967 2086 3022 dies.
2132 2964 2246 3021 Stel
2270 2983 2345 3022 un
2427 2983 2495 3022 zu
2531 2966 2719 3021 einan-

460 3032 760 3089 scheinbar
776 3032 1039 3089 willkfirl.
1058 3033 1542 3090 abschweisenden

458 3099 979 3170 Ortsveranderung
1003 3100 1269 3158 entlehnt.
1327 3102 1427 3159 Die
1446 3102 1541 3158 Al-

459 3176 558 3225 ten
592 3166 787 3223 zahlen
822 3168 974 3223 ihrer
1041 3168 1393 3225 bekanntlich
1440 3170 1543 3224 mit

452 3234 801 3291 Ausschluss
823 3234 1001 3291 derEr
1042 3236 1093 3305 e)
1118 3236 1245 3293 bald
1264 3236 1403 3300 fssnf,
1429 3238 1541 3292 wie

457 3302 607 3364 hier,
644 3300 773 3357 bald
805 3302 1021 3366 sieben‚
1064 3321 1230 3360 wenn
1264 3303 1449 3360 Sonne
1484 3322 1540 3361 u.

460 3368 627 3425 Mond
651 3369 1122 3437 hinzugerechnet
1145 3371 1372 3427 werden
1408 3370 1540 3440 (Cic.

470 3436 621 3517 zahlt
646 3435 836 3493 sieben
861 3436 960 3494 auf
979 3438 1051 3493 im
1078 3439 1274 3494 Traum
1302 3438 1397 3518 des
1426 3439 1542 3494 Sci-

470 3505 1085 3640 {325052131555113353
1109 3506 1543 3643 ²315{·.¹.{¹¹1}„{‚}3YJ

465 3645 525 3696 et
558 3656 866 3721 reyressus
898 3668 966 3681 --
998 3659 1046 3697 v.
1081 3590 1131 3699 ἕ
1163 3643 1314 3699 heut.
1348 3644 1543 3699 Astro-

464 3723 668 3764 nomen
692 3716 794 3764 mit
828 3708 1223 3778 „rechtlaufig“
1258 3727 1311 3766 u.
1345 3711 1544 3775 „riick-

464 3776 1055 3844 gangig“hezeichnet.
1077 3806 1148 3819 —-·
1171 3784 1339 3835 ratus
1357 3785 1545 3835 motus

450 3871 529 3881 —
568 3843 926 3908 ‚,berechnet‚
953 3845 1337 3913 abgemessen‚
1372 3846 1545 3903 unab-

464 3909 752 3968 inderlich
768 3914 816 3974 “,
840 3929 894 3967 n.
922 3912 973 3969 d.
999 3917 1056 3975 2,
1082 3918 1175 3967 38:
1211 3916 1330 3970 rati
1359 3923 1472 3970 astr
1483 3933 1546 3970 o·

458 3996 589 4036 rum
613 3979 880 4042 (ναῖκες
913 3984 971 4043 2,
997 3985 1087 4035 37:
1123 3997 1337 4038 cursus
1360 3988 1542 4038 astro-

466 4063 595 4103 rum
617 4048 739 4102 rati
758 4053 816 4103 et
839 4047 1225 4105 immutabiles,
1243 4077 1313 4087 —
1337 4049 1424 4117 14)
1450 4050 1544 4105 Al-

465 4114 551 4170 les
578 4112 788 4171 soeben
812 4114 1100 4172 Bemerkte
1129 4116 1233 4184 gilt
1265 4116 1542 4173 natfirlich

462 4198 570 4236 nur
590 4199 640 4237 v.
662 4181 714 4238 d.
732 4182 1093 4240 scheinbaren
1105 4184 1424 4253 Bewegung
1442 4185 1543 4240 der

460 4246 733 4305 Planeten
782 4251 837 4307 in
884 4250 1034 4309 ihrer
1079 4251 1395 4319 Beziehung
1441 4268 1542 4308 zur

1644 3034 1793 3090 der“.
1817 3062 1885 3073 -
1908 3036 2205 3103 conversio
2225 3033 2351 3096 „vol
2378 3050 2438 3089 er
2448 3031 2720 3089 Umlaus‘.

1643 3130 1713 3140 —
1736 3100 1822 3170 16)
1846 3102 1939 3157 Die
1948 3101 2131 3168 Lange
2151 3101 2330 3157 dieses
2352 3117 2594 3169 maanus
2613 3117 2720 3156 an-

1646 3186 1756 3226 nus
1782 3162 1985 3238 (μέγας
1998 3163 2306 3235 ἐνιαυτός),
2333 3168 2429 3225 das
2456 3168 2546 3225 die
2571 3161 2721 3221 (ἰπο-

1644 3230 1989 3298 κατάστασις
2044 3237 2183 3293 aller
2230 3235 2587 3306 Weltkfirper
2647 3251 2719 3290 zu

1646 3304 1904 3362 einander
1928 3306 2028 3360 mit
2040 3305 2158 3360 sich
2168 3303 2411 3367 brachte‚
2437 3304 2726 3361 verschie—

1645 3372 1751 3429 den
1814 3371 2127 3430 bestimmt:
2187 3371 2285 3429 auf
2336 3377 2472 3426 3000
2490 3415 2506 3436 ,
2563 3374 2718 3433 7777,

1646 3445 1813 3493 15000
1835 3441 1998 3496 Jahre
2024 3458 2075 3496 u.
2103 3446 2174 3503 a„
2203 3440 2308 3497 Cic.
2334 3440 2509 3497 selbst
2531 3439 2628 3495 hat
2656 3455 2716 3494 es

1646 3508 1832 3576 [Tacit.
1852 3508 1977 3563 dial.
1997 3524 2043 3565 c.
2058 3513 2120 3561 16
2164 3509 2238 3563 im
2259 3508 2458 3564 verlor.
2478 3506 2720 3564 Horten-

1645 3576 1763 3632 sius
1797 3574 1895 3630 auf
1925 3580 2092 3628 12954
2146 3618 2158 3631 .
2183 3575 2518 3644 angegebcn.
2566 3574 2717 3630 Nach

1644 3643 1874 3711 Einigen
1899 3642 2067 3701 sollte
2100 3643 2242 3699 dann
2267 3645 2407 3700 auch
2433 3643 2521 3699 die
2547 3635 2716 3696 ἐκπό-

1648 3726 1814 3779 ρωσις
1848 3708 1969 3779 (od.
2002 3711 2360 3779 Verzehrung
2392 3729 2445 3767 u.
2472 3710 2714 3767 Erneue-

1649 3794 1792 3847 rung
1815 3778 2074 3835 derWelt
2098 3779 2277 3835 durch
2288 3777 2486 3847 Feuer)
2512 3780 2720 3833 eintre-

1650 3855 1758 3902 ten.
1783 3874 1853 3884 —
1871 3846 1957 3915 17)
1983 3845 2339 3902 Umlaufszeit
2366 3846 2464 3902 des
2493 3845 2718 3902 Saturn

1650 3913 2145 3985 (nachWappaus):
2167 3919 2233 3968 29
2243 3915 2288 3971 J.
2302 3917 2401 3968 154
2412 3915 2469 3970 Τ.
2482 3918 2546 3966 16
2557 3913 2637 3970 St.
2648 3916 2722 3966 30

1646 3981 1715 4038 Μ.
1738 3987 1801 4034 10
1812 3981 1944 4038 8.-
1962 3983 2138 4038 multa
2161 3985 2289 4038 mir.
2315 3999 2347 4039 e
2375 3984 2465 4051 fic.
2491 4009 2559 4020 --
2584 3980 2718 4049 geht

1648 4049 2020 4186 ἔῖῗὲιῗὲἐῖἓῖ
2047 4051 2313 4186 ὃέἐέἶιέῗς
2350 4047 2718 4173 ωὶὲἦῗὲἒὲιῗὲε

2025 4160 2038 4174 .
2314 4161 2326 4173 .
2439 4136 2467 4174 r
2690 4143 2717 4155 ·

1688 4202 1754 4241 en
1777 4182 1990 4242 Phasen
2014 4185 2195 4242 seines
2248 4186 2585 4242 rscheinens.
2617 4183 2716 4239 Die

1689 4250 1950 4311 rabanten
1984 4251 2081 4309 des
2117 4254 2171 4311 S.
2214 4250 2548 4322 (Huyghens
2583 4253 2721 4306 1656
