2975 4842
1241 272 1662 338 -63-

316 445 487 507 buno
526 444 722 524 plebis
751 443 943 524 quoad
973 445 1167 523 potuit
1194 444 1412 505 restitit
1452 460 1664 521 agrum
1693 444 1997 506 Picentem
2038 450 2098 506 et
2119 444 2406 507 Gallicum
2440 446 2574 508 viri-

315 531 424 591 tim
470 538 676 591 contra
716 537 958 592 senatus
1012 531 1423 591 auctoritatem
1467 529 1780 598 dividenti;
1837 548 2146 609 augurque
2205 549 2342 591 cum
2393 540 2571 602 esset,

320 615 523 676 dicere
552 631 733 676 ausus
764 622 853 675 est
883 615 1147 694 ‘optimis
1177 615 1456 693 auspiciis
1488 632 1559 674 ea
1590 616 1719 693 geri
1735 610 1824 693 12),
1859 631 2010 693 quae
2041 632 2152 694 pro
2180 616 2270 677 rei
2301 614 2572 693 publicae

318 698 511 761 salute
563 708 946 778 gererentur;
1000 717 1150 779 quae
1203 705 1411 759 contra
1459 717 1590 760 rem
1637 698 1934 778 publicam
1981 702 2310 771 ferrentur,
2366 707 2574 761 contra

320 786 585 863 auspicia
625 779 906 863 ferri’13).
952 819 1038 833 ·--
1072 781 1254 844 Multa
1293 783 1355 844 in
1386 801 1458 845 eo
1491 785 1616 844 viro
1645 784 1945 863 praeclara
1978 787 2246 862 cognovi,
2290 785 2395 845 sed
2424 784 2573 845 nibil

319 877 410 931 est
438 868 843 930 admirabilius
873 885 1049 947 quam
1085 886 1203 946 quo
1232 869 1412 940 ,modo
1451 868 1552 930 ille
1580 877 1835 930 mortem
1866 868 1970 930 filii
2001 868 2159 939 tulit,
2191 869 2339 930 clari
2373 871 2480 930 viri
2512 878 2572 931 et

319 950 754 1032 consularis14).
779 988 792 999 ·
816 954 924 1015 Est
951 955 1011 1014 in
1044 951 1322 1015 manibus
1351 951 1643 1023 laudatio:
1690 973 1870 1034 quam
1901 973 2035 1015 cum
2068 953 2354 1033 legimuS,
2389 972 2570 1032 quem

313 1037 739 1118 philosophum
783 1057 903 1100 non
934 1039 1408 1099 contemnimus?
1464 1038 1591 1099 Nec
1619 1056 1760 1099 vero
1789 1038 1890 1100 ille
1918 1041 1978 1100 in
2018 1039 2151 1100 luce
2181 1039 2361 1100 modo
2395 1047 2571 1117 atque

312 1125 376 1184 in
420 1122 606 1184 oculis
646 1124 861 1185 civium
900 1140 1183 1202 magum,
1227 1123 1333 1184 sed
1372 1124 1534 1184 intus
1575 1120 1939 1203 domique15)
1983 1125 2396 1203 praestantior.
2457 1123 2570 1194 Qui

314 1226 537 1277 sermo,
570 1226 719 1286 quae
743 1217 1079 1288 praecepta,
1107 1216 1324 1286 quanta
1346 1210 1553 1269 notitia
1577 1209 1956 1287 antiquitatiS,
1983 1226 2134 1289 quae
2156 1209 2400 1269 scientia
2421 1208 2569 1268 iuris

315 1288 664 1372 augurii¹⁶)!
709 1291 926 1353 Multae
951 1295 1148 1364 etiam,
1179 1294 1328 1353 utin
1358 1293 1602 1354 homine
1630 1293 1919 1363 Romano,
1949 1292 2189 1354 literae:
2223 1293 2419 1353 omnia
2444 1310 2569 1352 me-

316 1378 506 1438 moria
559 1376 800 1438 tenebat
851 1395 972 1437 non
1034 1372 1356 1439 domestica
1374 1375 1445 1458 1⁷)
1489 1377 1710 1448 solum,
1766 1379 1871 1439 sed
1902 1379 2080 1439 etiam
2114 1384 2358 1439 externa
2388 1375 2563 1438 bella.

315 1461 497 1524 Cuius
527 1479 805 1523 sermone
833 1462 914 1522 ita
944 1468 1062 1522 tam
1095 1463 1308 1543 cupide
1337 1462 1584 1524 fruebar
1608 1464 1775 1541 quasi
1793 1464 1909 1524 iam
1935 1464 2281 1534 divinarem,
2313 1462 2376 1522 id
2408 1461 2566 1540 quod

317 1547 528 1617 evenit,
563 1545 664 1607 illo
698 1548 984 1607 exstincto
1016 1546 1148 1608 fore
1176 1547 1337 1608 unde
1356 1543 1426 1625 ¹⁸)
1461 1548 1752 1608 discerem
1782 1550 2128 1609 neminem'.

1002 1739 1146 1793 133.
1231 1739 1324 1794 M.
1368 1738 1656 1794 Porcius
1702 1739 1889 1795 Cato·

1142 1848 1215 1916 (d.
1244 1854 1382 1904 orat.
1408 1853 1459 1914 3,
1484 1854 1570 1915 33,
1598 1850 1737 1915 135.)

371 2011 377 2018 ·
486 1968 638 2039 Quid
689 1967 765 2029 M.
810 1968 1019 2030 Catoni
1067 1976 1307 2048 praeter
1358 1968 1514 2030 hanc
1552 1967 1962 2047 politissimam
2006 1968 2335 2029 doctrinam
2371 1974 2563 2029 trans·

312 2052 603 2115 marinam
635 2060 811 2133 atque
833 2052 1220 2114 adventiciam
1241 2051 1283 2135 1)
1308 2053 1534 2115 defuit?
1574 2054 1749 2124 Num,
1775 2054 1912 2134 quia
1935 2054 2028 2115 ius
2058 2052 2228 2115 civile
2256 2052 2560 2124 didicerat,

314 2154 523 2200 causas
550 2155 673 2198 nou
703 2135 977 2198 dicebat?
1017 2146 1133 2208 aut,
1167 2141 1303 2217 quia
1333 2144 1570 2218 poterat
1599 2138 1818 2209 dicere,
1860 2140 2008 2199 iuris
2037 2139 2344 2199 scientiam
2376 2136 2564 2217 negli-

314 2222 529 2302 gebat?
570 2222 834 2300 Utroque
865 2223 925 2282 in
958 2240 1179 2300 genere
1210 2230 1273 2283 et
1301 2221 1624 2284 elaboravit
1644 2231 1704 2284 et
1725 2224 2015 2301 praestitit
2028 2221 2093 2303 ²).
2137 2224 2289 2285 Num
2316 2230 2563 2303 propter

312 2308 472 2368 hanc
502 2326 573 2367 ex
604 2307 969 2384 privatorum
994 2308 1246 2387 negotiis
1268 2306 1574 2369 collectam
1600 2310 1848 2385 gratiam
1881 2307 2106 2368 tardior
2134 2308 2199 2368 in
2227 2326 2295 2368 re
2322 2307 2562 2387 publica

315 2392 677 2471 capessenda
693 2387 735 2472 ³)
780 2391 927 2452 fuit?
1000 2392 1188 2455 Nemo
1221 2392 1377 2472 apud
1408 2391 1695 2473 populum
1726 2393 1966 2463 fortior,
1999 2410 2175 2453 nemo
2205 2391 2417 2452 melior
2466 2410 2560 2452 se-

1493 2578 1653 2634 einen
1676 2575 1912 2633 Romer“
1949 2574 2269 2645 (damaliger
2292 2575 2456 2640 Zeit),
2499 2581 2564 2633 ut

312 2592 515 2640 cenus,
536 2576 904 2642 Picentinae,
933 2593 1033 2632 zur
1054 2576 1387 2634 Landschaft

1491 2662 1591 2700 zur
1637 2645 1863 2713 Angabe
1909 2645 2007 2700 des
2049 2643 2561 2712 Gesichtspunktes,

310 2644 590 2701 Picenum
623 2643 882 2711 gehorig,
919 2661 987 2699 an
1024 2645 1123 2700 der
1146 2645 1385 2701 Adriati-

313 2710 684 2775 schenKfiste,
713 2711 769 2765 in
793 2712 845 2766 d.
863 2711 1086 2780 Gegend
1112 2712 1208 2769 des
1234 2713 1385 2770 heut.

310 2782 561 2843 Ancona,
608 2778 729 2834 Liv.
768 2783 854 2844 10,
901 2783 965 2839 10
1006 2788 1142 2837 extr.
1186 2780 1383 2837 foedus

310 2848 483 2902 ictum
519 2863 644 2902 cum
669 2847 896 2902 Picenti
976 2864 1008 2903 o
1052 2847 1148 2903 ulo
1194 2859 1295 2905 est.
1318 2877 1386 2885 —

313 2913 400 2994 12)
427 2913 496 2970 Es
522 2915 595 2970 ist
621 2914 716 2971 das
740 2914 907 2970 Wort
932 2864 1020 2970 fle
1059 2917 1200 2971 tor's
1227 2915 1287 2981 (E
1330 2933 1385 2971 a·

310 2981 600 3039 mmondas
661 2999 764 3038 vor
821 2982 918 3038 der
977 2982 1238 3038 Schlacht
1334 2984 1384 3038 ei

310 3049 574 3105 Leuktra:
633 3048 711 3105 St.
741 3053 864 3112 116,
907 3050 970 3114 7)
1016 3049 1076 3105 Π.
1122 3054 1210 3113 12,
1253 3054 1381 3104 243:

312 3114 420 3179 Εἷς
468 3113 671 3180 οἰωνὸς
728 3110 987 3183 ἄριστος,
1050 3109 1385 3184 ἀμύνεσθαι

310 3184 446 3254 περὶ
468 3185 617 3252 ποῖτρ
662 3205 707 3246 ς.
730 3213 798 3222 --
825 3185 1119 3253 13).ferre,
1147 3201 1256 3240 von
1283 3184 1385 3240 Ge-

312 3205 684 3310 setzvorschqa
729 3269 816 3317 en,
840 3268 1046 3320 yerere
1064 3267 1381 3320 vorzugsw.

311 3337 423 3377 von
466 3320 689 3389 Kriegst
729 3326 883 3383 aten;
956 3325 1162 3376 contra
1220 3336 1383 3388 ausp.

307 3389 493 3457 ferri,
538 3387 831 3445 vermuthl.
881 3387 954 3443 im
987 3385 1243 3444 Hinhlick
1289 3387 1387 3444 auf

313 3455 515 3525 obigen
547 3459 759 3524 Antrag·
791 3455 888 3511 des
922 3456 1276 3519 Flaminius,
1312 3473 1381 3511 zu

311 3522 393 3580 St.
418 3529 532 3590 116,
557 3530 589 3578 3
614 3542 668 3580 u.
696 3528 820 3589 129,
845 3528 895 3581 3.
927 3553 996 3563 —-
1038 3525 1124 3590 14)
1147 3523 1284 3580 Wer
1307 3525 1383 3579 ist

306 3592 365 3645 in
395 3590 551 3648 Rom.
576 3592 744 3648 Sinne
785 3594 876 3647 vir
906 3592 1272 3649 consularis?
1313 3619 1381 3629 —

306 3659 564 3714 laudatio
589 3674 665 3714 se.
690 3658 956 3722 funebris,
981 3662 1133 3717 Plut.
1148 3658 1379 3716 Fab.24:

305 3720 375 3778 τὸ
400 3718 477 3803 ἱδ’
493 3718 774 3790 ἐγκώμιον
821 3722 995 3788 αὐτὸς
1043 3724 1169 3781 εἶπε
1200 3746 1380 3781 κατα-

307 3808 450 3852 στας
475 3784 537 3843 ἐν
562 3785 746 3863 ἀγορᾷ
780 3791 881 3844 καὶ
906 3788 1137 3861 γράψας
1161 3792 1264 3850 τὸν
1288 3787 1379 3849 26-

306 3877 414 3928 γον
439 3853 723 3924 ἐξέδωκεν
753 3860 839 3922 (in
863 3862 1124 3919 manibus
1149 3870 1237 3919 est
1272 3906 1284 3918 .
1310 3891 1378 3901 -

308 3929 395 3992 15)
428 3930 587 3987 intus
623 3926 909 3994 domique,
950 3930 1201 3996 weniger
1283 3947 1377 3986 en-

308 3995 571 4064 diadyoin
595 3992 677 4051 als
702 3990 1018 4059 Abundanz,
1043 3997 1117 4051 im
1144 3996 1377 4065 Gegens.

308 4081 379 4120 zu
400 4067 465 4120 in
488 4064 615 4120 luce
641 4080 693 4118 α.
718 4065 780 4119 in
804 4064 1003 4119 oculiS.
1044 4092 1112 4100 —
1156 4067 1241 4129 16)
1267 4065 1381 4131 Qui

309 4159 374 4170 —-
421 4148 567 4200 quae
616 4147 694 4188 se.
743 4130 862 4189 eius
909 4130 1163 4195 suerunt,
1212 4133 1377 4187 nach-

309 4197 663 4257 drucksvolle
686 4198 1034 4267 Auslassung
1069 4198 1165 4254 des
1190 4197 1379 4255 Pradi-

309 4276 444 4324 catS.
488 4296 556 4306 -
604 4273 669 4324 ut
711 4269 776 4323 in
819 4268 967 4325 hom.
1018 4268 1181 4324 Rom.
1231 4266 1381 4336 „fur

1493 2731 1562 2769 zu
1587 2713 1665 2770 St.
1690 2717 1772 2778 21,
1797 2718 1829 2766 3
1853 2730 1910 2768 u.
1936 2717 1998 2776 4:
2050 2713 2255 2769 ebenso
2291 2713 2378 2768 Ne
2420 2755 2434 2768 .
2458 2711 2558 2781 Ep.

1489 2784 1549 2836 5:
1588 2782 1720 2836 satis
1749 2781 2075 2836 exercitatus
2110 2782 2167 2836 in
2203 2779 2360 2835 dicen
2403 2796 2463 2840 o,
2497 2784 2565 2835 ut

1491 2847 1780 2903 Thebanus
1807 2849 2035 2904 scilieet.
2057 2877 2121 2886 --
2144 2848 2229 2911 17)
2251 2848 2562 2902 domestica

1489 2914 1829 2980 „hauslichffl
1855 2916 1906 2970 d.
1924 2916 1979 2970 h.
2004 2915 2195 2970 innere
2220 2913 2558 2982 (politisohe)

1487 2982 1982 3050 Begebenheiten“,
2030 2981 2185 3037 nicht
2220 2988 2365 3036 etwa
2413 2980 2560 3035 bella

1491 3067 1560 3106 zu
1586 3054 1872 3117 erganzen.
1918 3049 2015 3104 Die
2037 3047 2443 3115 Burgerkriege
2464 3046 2558 3102 be-

1487 3133 1705 3185 gannen
1733 3123 1849 3173 erst
1871 3122 2076 3185 spater.
2111 3142 2174 3152 —
2222 3113 2327 3182 18)
2343 3115 2497 3170 unde
2521 3116 2557 3170 i.

1491 3201 1536 3240 e.
1564 3201 1595 3240 a
1618 3201 1758 3253 quo,
1788 3185 1919 3264 ‘wie
1965 3182 2041 3265 St.
2067 3188 2162 3247 90,
2201 3187 2248 3239 1.
2293 3183 2359 3238 id
2388 3183 2555 3251 quod,

1487 3252 2299 3401 paffzssggzstssixaedsmdeq
2327 3317 2558 3375 Fremde

1485 3387 1786 3455 entlehnt“,
1827 3390 1981 3444 nicht
2014 3389 2345 3454 urwfiehsig
2372 3405 2427 3443 u.
2463 3404 2558 3442 na-

1483 3456 1675 3521 tional,
1696 3456 1882 3523 haufig
1899 3458 1998 3512 mit
2017 3462 2302 3513 externus
2318 3453 2556 3510 verbun-

1484 3523 1619 3588 den;
1671 3541 1728 3581 es
1777 3524 1915 3592 liegt
1959 3526 2018 3579 in
2064 3524 2171 3579 den
2211 3523 2556 3600 Beiwfirtern

1487 3593 1610 3649 eine
1632 3591 1956 3648 Entschuldi
2037 3607 2113 3658 ng
2146 3588 2239 3644 fiir
2272 3589 2379 3643 den
2402 3589 2557 3644 nicht

1486 3660 1808 3716 Griechisch
1833 3658 1959 3726 gebi
1985 3659 2148 3714 deten
2161 3655 2311 3712 Cato.
2330 3685 2399 3694 —
2421 3657 2556 3724 quia

1483 3756 1552 3766 -
1599 3725 2053 3794 vorgeschobene
2077 3724 2440 3781 Causalsatze.
2486 3750 2556 3761 --·

1486 3796 1541 3860 2)
1574 3799 1881 3862 praestare
1924 3820 1992 3830 -
2038 3791 2214 3849 absol.
2248 3793 2403 3857 „sich
2427 3807 2554 3845 aus-

1483 3863 1799 3924 zeichnen“,
1843 3861 1967 3916 hier
1988 3862 2091 3916 mit
2122 3862 2208 3924 in,
2243 3859 2394 3926 obgl.
2427 3873 2554 3913 man

1481 3930 1624 3985 auch
1646 3929 1748 3984 mit
1781 3929 1904 3984 dem
1937 3928 2165 3985 blossen
2188 3925 2311 3982 Abl.
2341 3940 2554 3994 yenere

1483 3997 1602 4052 sich
1626 3995 1922 4064 begniigen
1947 3995 2107 4052 kann.
2139 4023 2209 4033 —
2248 3995 2304 4060 3)
2328 3993 2554 4050 tardior

1479 4067 1563 4129 in,
1589 4065 1743 4120 nicht
1766 4080 1903 4131 ganz
1916 4063 2169 4119 dasselbe
2193 4062 2304 4118 wie
2328 4060 2556 4116 tardior

1483 4133 1563 4188 ad
1604 4130 1705 4197 (St.
1730 4137 1797 4184 59
1822 4132 1961 4187 nach
1994 4134 2042 4194 4,
2078 4129 2256 4194 Text),
2291 4127 2550 4185 letzteres

1486 4201 1652 4269 ginge
1663 4198 2007 4255 auqukunl't
2031 4216 2085 4255 u.
2096 4197 2342 4264 Absicht,
2370 4200 2434 4253 in
2457 4195 2557 4252 auf

1486 4269 1539 4323 d.
1554 4268 1759 4325 bereits
1772 4267 2146 4335 vorliegende.
2156 4295 2226 4306 —
2243 4279 2550 4334 capessere
