<?xml version="1.0" encoding="UTF-8"?>
<!DOCTYPE html PUBLIC "-//W3C//DTD XHTML 1.0 Transitional//EN"
    "http://www.w3.org/TR/xhtml1/DTD/xhtml1-transitional.dtd">
<html xmlns="http://www.w3.org/1999/xhtml" xml:lang="en" lang="en">
 <head>
  <title>
</title>
<meta http-equiv="Content-Type" content="text/html;charset=utf-8" />
  <meta name='ocr-system' content='tesseract 3.04.00' />
  <meta name='ocr-capabilities' content='ocr_page ocr_carea ocr_par ocr_line ocrx_word'/>
</head>
<body>
  <div class='ocr_page' id='page_1' title='image "./chrestomathiaci00ldgoog_0168.png"; bbox 0 0 2975 4842; ppageno 0'>
   <div class='ocr_carea' id='block_1_1' title="bbox 2643 0 2894 43">
    <p class='ocr_par' dir='ltr' id='par_1_1' title="bbox 2643 0 2894 43">
     <span class='ocr_line' id='line_1_1' title="bbox 2643 0 2894 43; baseline 0.008 -24"><span class='ocrx_word' id='word_1_1' title='bbox 2643 0 2654 7; x_wconf 97' lang='lat'>-</span> <span class='ocrx_word' id='word_1_2' title='bbox 2681 0 2894 43; x_wconf 46' lang='grc' dir='ltr'><strong>*ψηττ-</strong></span> 
     </span>
    </p>
   </div>
   <div class='ocr_carea' id='block_1_2' title="bbox 1347 264 1774 329">
    <p class='ocr_par' dir='ltr' id='par_1_2' title="bbox 1347 264 1774 329">
     <span class='ocr_line' id='line_1_2' title="bbox 1347 264 1774 329; baseline 0 -13"><span class='ocrx_word' id='word_1_3' title='bbox 1347 264 1774 329; x_wconf 80' lang='lat'><strong>-30—</strong></span> 
     </span>
    </p>
   </div>
   <div class='ocr_carea' id='block_1_3' title="bbox 433 432 2676 1111">
    <p class='ocr_par' dir='ltr' id='par_1_3' title="bbox 433 432 2676 1111">
     <span class='ocr_line' id='line_1_3' title="bbox 437 432 2676 518; baseline 0.001 -19"><span class='ocrx_word' id='word_1_4' title='bbox 437 439 568 517; x_wconf 81' lang='lat' dir='ltr'><strong>agri</strong></span> <span class='ocrx_word' id='word_1_5' title='bbox 597 436 833 499; x_wconf 83' lang='lat' dir='ltr'><strong>colendi</strong></span> <span class='ocrx_word' id='word_1_6' title='bbox 864 436 1056 499; x_wconf 83' lang='lat' dir='ltr'><strong>studia</strong></span> <span class='ocrx_word' id='word_1_7' title='bbox 1089 444 1398 499; x_wconf 85' lang='lat' dir='ltr'><strong>teneamus</strong></span> <span class='ocrx_word' id='word_1_8' title='bbox 1414 432 1458 518; x_wconf 90' lang='lat'><strong>¹)</strong></span> <span class='ocrx_word' id='word_1_9' title='bbox 1491 454 1679 517; x_wconf 83' lang='lat' dir='ltr'><strong>usque</strong></span> <span class='ocrx_word' id='word_1_10' title='bbox 1709 435 1783 499; x_wconf 85' lang='lat' dir='ltr'><strong>ad</strong></span> <span class='ocrx_word' id='word_1_11' title='bbox 1813 436 2082 499; x_wconf 88' lang='lat' dir='ltr'><strong>ultimum</strong></span> <span class='ocrx_word' id='word_1_12' title='bbox 2124 442 2372 517; x_wconf 85' lang='lat' dir='ltr'><strong>tempus:</strong></span> <span class='ocrx_word' id='word_1_13' title='bbox 2403 445 2676 501; x_wconf 78' lang='lat' dir='ltr'><strong>senectu-</strong></span> 
     </span>
     <span class='ocr_line' id='line_1_4' title="bbox 433 522 2676 604; baseline 0 -20"><span class='ocrx_word' id='word_1_14' title='bbox 433 524 531 584; x_wconf 82' lang='lat' dir='ltr'><strong>tis.</strong></span> <span class='ocrx_word' id='word_1_15' title='bbox 602 525 694 584; x_wconf 87' lang='lat' dir='ltr'><strong>M.</strong></span> <span class='ocrx_word' id='word_1_16' title='bbox 728 522 966 603; x_wconf 89' lang='lat' dir='ltr'><strong>quidem</strong></span> <span class='ocrx_word' id='word_1_17' title='bbox 1010 524 1322 586; x_wconf 79' lang='lat' dir='ltr'><strong>Valerium</strong></span> <span class='ocrx_word' id='word_1_18' title='bbox 1355 523 1607 584; x_wconf 81' lang='lat' dir='ltr'><strong>Corvum</strong></span> <span class='ocrx_word' id='word_1_19' title='bbox 1648 523 1984 604; x_wconf 84' lang='lat' dir='ltr'><strong>accepimus</strong></span> <span class='ocrx_word' id='word_1_20' title='bbox 2025 523 2096 584; x_wconf 91' lang='lat' dir='ltr'><strong>ad</strong></span> <span class='ocrx_word' id='word_1_21' title='bbox 2142 524 2530 585; x_wconf 84' lang='lat' dir='ltr'><strong>centesimum</strong></span> <span class='ocrx_word' id='word_1_22' title='bbox 2572 542 2676 584; x_wconf 82' lang='lat' dir='ltr'><strong>an-</strong></span> 
     </span>
     <span class='ocr_line' id='line_1_5' title="bbox 435 603 2670 687; baseline -0 -18"><span class='ocrx_word' id='word_1_23' title='bbox 435 625 578 669; x_wconf 89' lang='lat' dir='ltr'><strong>num</strong></span> <span class='ocrx_word' id='word_1_24' title='bbox 610 608 958 687; x_wconf 85' lang='lat' dir='ltr'><strong>perduxisse</strong></span> <span class='ocrx_word' id='word_1_25' title='bbox 970 603 1015 687; x_wconf 81' lang='lat'><strong>²)</strong></span> <span class='ocrx_word' id='word_1_26' title='bbox 1049 625 1185 669; x_wconf 89' lang='lat' dir='ltr'><strong>cum</strong></span> <span class='ocrx_word' id='word_1_27' title='bbox 1215 614 1372 668; x_wconf 89' lang='lat' dir='ltr'><strong>esset</strong></span> <span class='ocrx_word' id='word_1_28' title='bbox 1399 614 1530 668; x_wconf 78' lang='lat' dir='ltr'><strong>acta</strong></span> <span class='ocrx_word' id='word_1_29' title='bbox 1559 608 1674 668; x_wconf 88' lang='lat' dir='ltr'><strong>iam</strong></span> <span class='ocrx_word' id='word_1_30' title='bbox 1698 612 1887 668; x_wconf 88' lang='lat' dir='ltr'><strong>aetate</strong></span> <span class='ocrx_word' id='word_1_31' title='bbox 1909 608 1972 669; x_wconf 89' lang='lat' dir='ltr'><strong>in</strong></span> <span class='ocrx_word' id='word_1_32' title='bbox 1996 608 2156 685; x_wconf 80' lang='lat' dir='ltr'><strong>agris</strong></span> <span class='ocrx_word' id='word_1_33' title='bbox 2178 625 2398 686; x_wconf 87' lang='lat' dir='ltr'><strong>eosque</strong></span> <span class='ocrx_word' id='word_1_34' title='bbox 2419 607 2670 677; x_wconf 88' lang='lat' dir='ltr'><strong>coleret;</strong></span> 
     </span>
     <span class='ocr_line' id='line_1_6' title="bbox 436 689 2674 773; baseline 0 -20"><span class='ocrx_word' id='word_1_35' title='bbox 436 695 605 754; x_wconf 88' lang='lat' dir='ltr'><strong>cuius</strong></span> <span class='ocrx_word' id='word_1_36' title='bbox 633 693 790 754; x_wconf 86' lang='lat' dir='ltr'><strong>inter</strong></span> <span class='ocrx_word' id='word_1_37' title='bbox 817 694 1081 773; x_wconf 86' lang='lat' dir='ltr'><strong>primum</strong></span> <span class='ocrx_word' id='word_1_38' title='bbox 1110 699 1171 753; x_wconf 92' lang='lat' dir='ltr'><strong>et</strong></span> <span class='ocrx_word' id='word_1_39' title='bbox 1197 698 1427 753; x_wconf 86' lang='lat' dir='ltr'><strong>sextum</strong></span> <span class='ocrx_word' id='word_1_40' title='bbox 1460 690 1831 753; x_wconf 88' lang='lat' dir='ltr'><strong>consulatum</strong></span> <span class='ocrx_word' id='word_1_41' title='bbox 1854 710 1957 753; x_wconf 85' lang='lat' dir='ltr'><strong>sex</strong></span> <span class='ocrx_word' id='word_1_42' title='bbox 1979 699 2038 753; x_wconf 89' lang='lat' dir='ltr'><strong>et</strong></span> <span class='ocrx_word' id='word_1_43' title='bbox 2061 692 2448 772; x_wconf 78' lang='lat' dir='ltr'><strong>quadraginta</strong></span> <span class='ocrx_word' id='word_1_44' title='bbox 2465 689 2511 773; x_wconf 72' lang='lat'><strong>⁸)</strong></span> <span class='ocrx_word' id='word_1_45' title='bbox 2532 693 2674 754; x_wconf 88' lang='lat' dir='ltr'><strong>anni</strong></span> 
     </span>
     <span class='ocr_line' id='line_1_7' title="bbox 433 776 2675 857; baseline 0 -20"><span class='ocrx_word' id='word_1_46' title='bbox 433 776 849 839; x_wconf 82' lang='lat' dir='ltr'><strong>interfuerunt.</strong></span> <span class='ocrx_word' id='word_1_47' title='bbox 926 777 1009 838; x_wconf 89' lang='lat' dir='ltr'><strong>Ita</strong></span> <span class='ocrx_word' id='word_1_48' title='bbox 1041 784 1325 857; x_wconf 82' lang='lat' dir='ltr'><strong>quantum</strong></span> <span class='ocrx_word' id='word_1_49' title='bbox 1356 778 1612 855; x_wconf 89' lang='lat' dir='ltr'><strong>spatium</strong></span> <span class='ocrx_word' id='word_1_50' title='bbox 1642 778 1848 839; x_wconf 77' lang='lat' dir='ltr'><strong>aetatis</strong></span> <span class='ocrx_word' id='word_1_51' title='bbox 1877 776 2134 838; x_wconf 85' lang='lat' dir='ltr'><strong>maiores</strong></span> <span class='ocrx_word' id='word_1_52' title='bbox 2162 779 2352 839; x_wconf 79' lang='lat' dir='ltr'><strong>nostri</strong></span> <span class='ocrx_word' id='word_1_53' title='bbox 2380 776 2455 838; x_wconf 91' lang='lat' dir='ltr'><strong>ad</strong></span> <span class='ocrx_word' id='word_1_54' title='bbox 2505 795 2675 838; x_wconf 88' lang='lat' dir='ltr'><strong>sene-</strong></span> 
     </span>
     <span class='ocr_line' id='line_1_8' title="bbox 434 859 2673 939; baseline 0 -17"><span class='ocrx_word' id='word_1_55' title='bbox 434 862 610 923; x_wconf 89' lang='lat' dir='ltr'><strong>ctutis</strong></span> <span class='ocrx_word' id='word_1_56' title='bbox 638 862 867 923; x_wconf 86' lang='lat' dir='ltr'><strong>initium</strong></span> <span class='ocrx_word' id='word_1_57' title='bbox 903 879 1032 924; x_wconf 90' lang='lat' dir='ltr'><strong>esse</strong></span> <span class='ocrx_word' id='word_1_58' title='bbox 1061 860 1374 923; x_wconf 85' lang='lat' dir='ltr'><strong>voluerunt</strong></span> <span class='ocrx_word' id='word_1_59' title='bbox 1388 859 1452 939; x_wconf 76' lang='lat'><strong>⁴),</strong></span> <span class='ocrx_word' id='word_1_60' title='bbox 1485 869 1684 923; x_wconf 87' lang='lat' dir='ltr'><strong>tantus</strong></span> <span class='ocrx_word' id='word_1_61' title='bbox 1713 860 1799 922; x_wconf 86' lang='lat' dir='ltr'><strong>ini</strong></span> <span class='ocrx_word' id='word_1_62' title='bbox 1830 879 2040 923; x_wconf 89' lang='lat' dir='ltr'><strong>cursus</strong></span> <span class='ocrx_word' id='word_1_63' title='bbox 2069 861 2366 924; x_wconf 87' lang='lat' dir='ltr'><strong>honorum</strong></span> <span class='ocrx_word' id='word_1_64' title='bbox 2395 862 2524 923; x_wconf 83' lang='lat' dir='ltr'><strong>fuit..</strong></span> <span class='ocrx_word' id='word_1_65' title='bbox 2569 863 2673 923; x_wconf 89' lang='lat' dir='ltr'><strong>At-</strong></span> 
     </span>
     <span class='ocr_line' id='line_1_9' title="bbox 437 942 2675 1027; baseline 0.001 -21"><span class='ocrx_word' id='word_1_66' title='bbox 437 945 759 1025; x_wconf 40' lang='lat' dir='ltr'><strong>queshuius</strong></span> <span class='ocrx_word' id='word_1_67' title='bbox 790 942 1053 1009; x_wconf 78' lang='lat' dir='ltr'><strong>ex&#39;trema</strong></span> <span class='ocrx_word' id='word_1_68' title='bbox 1085 954 1246 1008; x_wconf 86' lang='lat' dir='ltr'><strong>aetas</strong></span> <span class='ocrx_word' id='word_1_69' title='bbox 1272 945 1390 1007; x_wconf 89' lang='lat' dir='ltr'><strong>hoc</strong></span> <span class='ocrx_word' id='word_1_70' title='bbox 1419 945 1651 1009; x_wconf 86' lang='lat' dir='ltr'><strong>beatior</strong></span> <span class='ocrx_word' id='word_1_71' title='bbox 1678 964 1855 1027; x_wconf 89' lang='lat' dir='ltr'><strong>quam</strong></span> <span class='ocrx_word' id='word_1_72' title='bbox 1886 947 2078 1008; x_wconf 82' lang='lat' dir='ltr'><strong>media</strong></span> <span class='ocrx_word' id='word_1_73' title='bbox 2111 946 2266 1027; x_wconf 87' lang='lat' dir='ltr'><strong>quod</strong></span> <span class='ocrx_word' id='word_1_74' title='bbox 2310 947 2675 1009; x_wconf 77' lang='lat' dir='ltr'><strong>auctoritatis</strong></span> 
     </span>
     <span class='ocr_line' id='line_1_10' title="bbox 434 1028 2671 1111; baseline 0.001 -20"><span class='ocrx_word' id='word_1_75' title='bbox 434 1030 694 1093; x_wconf 84' lang='lat' dir='ltr'><strong>habebat</strong></span> <span class='ocrx_word' id='word_1_76' title='bbox 721 1031 872 1110; x_wconf 84' lang='lat' dir='ltr'><strong>plus,</strong></span> <span class='ocrx_word' id='word_1_77' title='bbox 904 1031 1127 1094; x_wconf 88' lang='lat' dir='ltr'><strong>laboris</strong></span> <span class='ocrx_word' id='word_1_78' title='bbox 1155 1033 1354 1092; x_wconf 88' lang='lat' dir='ltr'><strong>minus</strong></span> <span class='ocrx_word' id='word_1_79' title='bbox 1371 1028 1432 1111; x_wconf 82' lang='lat'><strong>5).</strong></span> <span class='ocrx_word' id='word_1_80' title='bbox 1480 1031 1650 1111; x_wconf 83' lang='lat' dir='ltr'><strong>Apex</strong></span> <span class='ocrx_word' id='word_1_81' title='bbox 1669 1039 1758 1093; x_wconf 91' lang='lat' dir='ltr'><strong>est</strong></span> <span class='ocrx_word' id='word_1_82' title='bbox 1779 1038 1974 1092; x_wconf 82' lang='lat' dir='ltr'><strong>autem</strong></span> <span class='ocrx_word' id='word_1_83' title='bbox 1999 1034 2316 1094; x_wconf 81' lang='lat' dir='ltr'><strong>senectutis</strong></span> <span class='ocrx_word' id='word_1_84' title='bbox 2336 1033 2671 1094; x_wconf 86' lang='lat' dir='ltr'><strong>auctoritas.</strong></span> 
     </span>
    </p>
   </div>
   <div class='ocr_carea' id='block_1_4' title="bbox 824 1254 2285 1437">
    <p class='ocr_par' dir='ltr' id='par_1_4' title="bbox 824 1254 2285 1437">
     <span class='ocr_line' id='line_1_11' title="bbox 824 1254 2285 1326; baseline 0.001 -13"><span class='ocrx_word' id='word_1_85' title='bbox 824 1259 968 1313; x_wconf 83' lang='lat'><strong>110.</strong></span> <span class='ocrx_word' id='word_1_86' title='bbox 1052 1254 1408 1316; x_wconf 78' lang='lat' dir='ltr'><strong>Blindheit</strong></span> <span class='ocrx_word' id='word_1_87' title='bbox 1449 1256 1573 1312; x_wconf 80' lang='lat' dir='ltr'><strong>dos</strong></span> <span class='ocrx_word' id='word_1_88' title='bbox 1617 1255 1886 1326; x_wconf 71' lang='lat' dir='ltr'><strong>Appius</strong></span> <span class='ocrx_word' id='word_1_89' title='bbox 1929 1256 2285 1314; x_wconf 71' lang='lat' dir='ltr'><strong>Claudius.</strong></span> 
     </span>
     <span class='ocr_line' id='line_1_12' title="bbox 1204 1366 1861 1437; baseline 0.002 -18"><span class='ocrx_word' id='word_1_90' title='bbox 1204 1376 1208 1380; x_wconf 72' lang='grc'><strong><em>’</em></strong></span> <span class='ocrx_word' id='word_1_91' title='bbox 1260 1366 1449 1434; x_wconf 79' lang='lat' dir='ltr'><strong>(Tusc.</strong></span> <span class='ocrx_word' id='word_1_92' title='bbox 1486 1370 1556 1432; x_wconf 89' lang='lat' dir='ltr'><strong>V,</strong></span> <span class='ocrx_word' id='word_1_93' title='bbox 1593 1369 1681 1434; x_wconf 88' lang='lat'><strong>38,</strong></span> <span class='ocrx_word' id='word_1_94' title='bbox 1714 1367 1861 1437; x_wconf 88' lang='grc'><strong>112.)</strong></span> 
     </span>
    </p>
   </div>
   <div class='ocr_carea' id='block_1_5' title="bbox 432 1485 2678 1992">
    <p class='ocr_par' dir='ltr' id='par_1_5' title="bbox 432 1485 2678 1992">
     <span class='ocr_line' id='line_1_13' title="bbox 603 1485 2666 1569; baseline -0.001 -20"><span class='ocrx_word' id='word_1_95' title='bbox 603 1486 921 1549; x_wconf 82' lang='lat' dir='ltr'><strong>Horribilis</strong></span> <span class='ocrx_word' id='word_1_96' title='bbox 947 1488 1058 1548; x_wconf 85' lang='lat' dir='ltr'><strong>ista</strong></span> <span class='ocrx_word' id='word_1_97' title='bbox 1088 1487 1343 1548; x_wconf 84' lang='lat' dir='ltr'><strong>caecitas</strong></span> <span class='ocrx_word' id='word_1_98' title='bbox 1374 1485 1588 1566; x_wconf 89' lang='lat' dir='ltr'><strong>quibus</strong></span> <span class='ocrx_word' id='word_1_99' title='bbox 1616 1488 1856 1549; x_wconf 88' lang='lat' dir='ltr'><strong>tandem</strong></span> <span class='ocrx_word' id='word_1_100' title='bbox 1898 1496 2063 1550; x_wconf 85' lang='lat' dir='ltr'><strong>caret</strong></span> <span class='ocrx_word' id='word_1_101' title='bbox 2103 1487 2534 1569; x_wconf 71' lang='lat' dir='ltr'><strong>voluptatibus?</strong></span> <span class='ocrx_word' id='word_1_102' title='bbox 2598 1522 2666 1533; x_wconf 90' lang='lat'>—</span> 
     </span>
     <span class='ocr_line' id='line_1_14' title="bbox 432 1570 2672 1653; baseline -0 -19"><span class='ocrx_word' id='word_1_103' title='bbox 432 1574 698 1651; x_wconf 80' lang='lat' dir='ltr'><strong>Appium</strong></span> <span class='ocrx_word' id='word_1_104' title='bbox 713 1570 756 1651; x_wconf 84' lang='grc'><strong>1)</strong></span> <span class='ocrx_word' id='word_1_105' title='bbox 801 1570 1037 1652; x_wconf 90' lang='lat' dir='ltr'><strong>quidem</strong></span> <span class='ocrx_word' id='word_1_106' title='bbox 1078 1579 1340 1634; x_wconf 86' lang='lat' dir='ltr'><strong>veterem</strong></span> <span class='ocrx_word' id='word_1_107' title='bbox 1397 1571 1595 1643; x_wconf 85' lang='lat' dir='ltr'><strong>illum,</strong></span> <span class='ocrx_word' id='word_1_108' title='bbox 1640 1574 1744 1653; x_wconf 88' lang='lat' dir='ltr'><strong>qui</strong></span> <span class='ocrx_word' id='word_1_109' title='bbox 1783 1591 1996 1635; x_wconf 86' lang='lat' dir='ltr'><strong>caecus</strong></span> <span class='ocrx_word' id='word_1_110' title='bbox 2047 1591 2236 1635; x_wconf 84' lang='lat' dir='ltr'><strong>annos</strong></span> <span class='ocrx_word' id='word_1_111' title='bbox 2286 1572 2504 1636; x_wconf 89' lang='lat' dir='ltr'><strong>multos</strong></span> <span class='ocrx_word' id='word_1_112' title='bbox 2549 1573 2672 1644; x_wconf 81' lang='lat' dir='ltr'><strong>fuit,</strong></span> 
     </span>
     <span class='ocr_line' id='line_1_15' title="bbox 434 1655 2674 1738; baseline 0 -20"><span class='ocrx_word' id='word_1_113' title='bbox 434 1665 492 1718; x_wconf 89' lang='lat' dir='ltr'><strong>et</strong></span> <span class='ocrx_word' id='word_1_114' title='bbox 523 1677 595 1720; x_wconf 87' lang='lat' dir='ltr'><strong>ex</strong></span> <span class='ocrx_word' id='word_1_115' title='bbox 626 1657 1064 1737; x_wconf 83' lang='lat' dir='ltr'><strong>magistratibus</strong></span> <span class='ocrx_word' id='word_1_116' title='bbox 1095 1665 1154 1717; x_wconf 91' lang='lat' dir='ltr'><strong>et</strong></span> <span class='ocrx_word' id='word_1_117' title='bbox 1195 1675 1267 1718; x_wconf 87' lang='lat' dir='ltr'><strong>ex</strong></span> <span class='ocrx_word' id='word_1_118' title='bbox 1309 1655 1491 1718; x_wconf 89' lang='lat' dir='ltr'><strong>rebus</strong></span> <span class='ocrx_word' id='word_1_119' title='bbox 1521 1660 1705 1736; x_wconf 84' lang='lat' dir='ltr'><strong>gestis</strong></span> <span class='ocrx_word' id='word_1_120' title='bbox 1744 1657 2140 1738; x_wconf 80' lang='lat' dir='ltr'><strong>intellegimus</strong></span> <span class='ocrx_word' id='word_1_121' title='bbox 2167 1659 2232 1719; x_wconf 45' lang='lat' dir='ltr'><strong>in¹</strong></span> <span class='ocrx_word' id='word_1_122' title='bbox 2258 1657 2361 1719; x_wconf 83' lang='lat' dir='ltr'><strong>illo</strong></span> <span class='ocrx_word' id='word_1_123' title='bbox 2387 1677 2502 1720; x_wconf 89' lang='lat' dir='ltr'><strong>suo</strong></span> <span class='ocrx_word' id='word_1_124' title='bbox 2534 1676 2674 1735; x_wconf 80' lang='lat' dir='ltr'><strong>casu</strong></span> 
     </span>
     <span class='ocr_line' id='line_1_16' title="bbox 432 1737 2678 1822; baseline 0.002 -19"><span class='ocrx_word' id='word_1_125' title='bbox 432 1761 547 1805; x_wconf 87' lang='lat' dir='ltr'><strong>nec</strong></span> <span class='ocrx_word' id='word_1_126' title='bbox 585 1737 967 1822; x_wconf 84' lang='lat' dir='ltr'><strong>privato&#39;nec</strong></span> <span class='ocrx_word' id='word_1_127' title='bbox 1010 1740 1246 1821; x_wconf 88' lang='lat' dir='ltr'><strong>publico</strong></span> <span class='ocrx_word' id='word_1_128' title='bbox 1277 1744 1516 1805; x_wconf 86' lang='lat' dir='ltr'><strong>muneri</strong></span> <span class='ocrx_word' id='word_1_129' title='bbox 1558 1742 1834 1805; x_wconf 77' lang='lat' dir='ltr'><strong>defuisse.</strong></span> <span class='ocrx_word' id='word_1_130' title='bbox 1895 1777 1984 1789; x_wconf 91' lang='lat'>-</span> <span class='ocrx_word' id='word_1_131' title='bbox 2043 1744 2107 1804; x_wconf 82' lang='lat'><strong>0.</strong></span> <span class='ocrx_word' id='word_1_132' title='bbox 2148 1745 2340 1806; x_wconf 79' lang='lat' dir='ltr'><strong>Drusi</strong></span> <span class='ocrx_word' id='word_1_133' title='bbox 2348 1740 2391 1816; x_wconf 85' lang='grc'><strong>2)</strong></span> <span class='ocrx_word' id='word_1_134' title='bbox 2433 1743 2678 1807; x_wconf 83' lang='lat' dir='ltr'><strong>domum</strong></span> 
     </span>
     <span class='ocr_line' id='line_1_17' title="bbox 435 1825 2678 1908; baseline 0 -18"><span class='ocrx_word' id='word_1_135' title='bbox 435 1827 722 1907; x_wconf 85' lang='lat' dir='ltr'><strong>compleri</strong></span> <span class='ocrx_word' id='word_1_136' title='bbox 769 1846 800 1888; x_wconf 81' lang='lat' dir='ltr'><strong>a</strong></span> <span class='ocrx_word' id='word_1_137' title='bbox 846 1826 1282 1890; x_wconf 82' lang='lat' dir='ltr'><strong>consultoribus</strong></span> <span class='ocrx_word' id='word_1_138' title='bbox 1323 1825 1556 1890; x_wconf 86' lang='lat' dir='ltr'><strong>solitam</strong></span> <span class='ocrx_word' id='word_1_139' title='bbox 1596 1828 1963 1908; x_wconf 87' lang='lat' dir='ltr'><strong>accepimus:</strong></span> <span class='ocrx_word' id='word_1_140' title='bbox 2037 1845 2208 1897; x_wconf 88' lang='lat' dir='ltr'><strong>cum,</strong></span> <span class='ocrx_word' id='word_1_141' title='bbox 2269 1846 2524 1908; x_wconf 86' lang='lat' dir='ltr'><strong>quorum</strong></span> <span class='ocrx_word' id='word_1_142' title='bbox 2575 1845 2678 1890; x_wconf 83' lang='lat' dir='ltr'><strong>res</strong></span> 
     </span>
     <span class='ocr_line' id='line_1_18' title="bbox 437 1909 2668 1992; baseline 0 -18"><span class='ocrx_word' id='word_1_143' title='bbox 437 1921 621 1983; x_wconf 87' lang='lat' dir='ltr'><strong>esset,</strong></span> <span class='ocrx_word' id='word_1_144' title='bbox 675 1930 779 1973; x_wconf 90' lang='lat' dir='ltr'><strong>sua</strong></span> <span class='ocrx_word' id='word_1_145' title='bbox 830 1913 944 1992; x_wconf 91' lang='lat' dir='ltr'><strong>ipsi</strong></span> <span class='ocrx_word' id='word_1_146' title='bbox 993 1930 1114 1973; x_wconf 91' lang='lat' dir='ltr'><strong>non</strong></span> <span class='ocrx_word' id='word_1_147' title='bbox 1166 1911 1445 1974; x_wconf 86' lang='lat' dir='ltr'><strong>videbant</strong></span> <span class='ocrx_word' id='word_1_148' title='bbox 1459 1909 1536 1992; x_wconf 83' lang='lat'><strong>3),</strong></span> <span class='ocrx_word' id='word_1_149' title='bbox 1592 1930 1836 1976; x_wconf 86' lang='lat' dir='ltr'><strong>caecum</strong></span> <span class='ocrx_word' id='word_1_150' title='bbox 1888 1912 2251 1976; x_wconf 80' lang='lat' dir='ltr'><strong>adhibebant</strong></span> <span class='ocrx_word' id='word_1_151' title='bbox 2299 1913 2529 1975; x_wconf 87' lang='lat' dir='ltr'><strong>ducem.</strong></span> <span class='ocrx_word' id='word_1_152' title='bbox 2596 1945 2668 1958; x_wconf 87' lang='lat'><strong>--</strong></span> 
     </span>
    </p>
   </div>
   <div class='ocr_carea' id='block_1_6' title="bbox 432 2097 1507 4336">
    <p class='ocr_par' dir='ltr' id='par_1_6' title="bbox 432 2097 1506 2635">
     <span class='ocr_line' id='line_1_19' title="bbox 504 2097 1505 2166; baseline 0.004 -18"><span class='ocrx_word' id='word_1_153' title='bbox 504 2098 553 2163; x_wconf 91' lang='lat'><strong>1)</strong></span> <span class='ocrx_word' id='word_1_154' title='bbox 588 2097 783 2154; x_wconf 78' lang='lat' dir='ltr'><strong>studia</strong></span> <span class='ocrx_word' id='word_1_155' title='bbox 804 2102 1000 2153; x_wconf 77' lang='lat' dir='ltr'><strong>tenere</strong></span> <span class='ocrx_word' id='word_1_156' title='bbox 1025 2125 1095 2136; x_wconf 91' lang='lat'><strong>—-</strong></span> <span class='ocrx_word' id='word_1_157' title='bbox 1116 2098 1150 2152; x_wconf 93' lang='lat' dir='ltr'><strong>i.</strong></span> <span class='ocrx_word' id='word_1_158' title='bbox 1171 2113 1227 2166; x_wconf 84' lang='lat' dir='ltr'><strong>q.</strong></span> <span class='ocrx_word' id='word_1_159' title='bbox 1263 2097 1505 2152; x_wconf 86' lang='lat' dir='ltr'><strong>retinere</strong></span> 
     </span>
     <span class='ocr_line' id='line_1_20' title="bbox 433 2163 1504 2232; baseline 0.002 -14"><span class='ocrx_word' id='word_1_160' title='bbox 433 2164 560 2230; x_wconf 89' lang='lat' dir='ltr'><strong>„die</strong></span> <span class='ocrx_word' id='word_1_161' title='bbox 581 2164 858 2221; x_wconf 73' lang='lat' dir='ltr'><strong>Bescharti</strong></span> <span class='ocrx_word' id='word_1_162' title='bbox 899 2178 1015 2232; x_wconf 85' lang='lat' dir='ltr'><strong>ung</strong></span> <span class='ocrx_word' id='word_1_163' title='bbox 1038 2165 1138 2220; x_wconf 86' lang='lat' dir='ltr'><strong>mit</strong></span> <span class='ocrx_word' id='word_1_164' title='bbox 1162 2164 1213 2220; x_wconf 90' lang='lat' dir='ltr'><strong>d.</strong></span> <span class='ocrx_word' id='word_1_165' title='bbox 1232 2165 1292 2219; x_wconf 90' lang='lat' dir='ltr'><strong>A.</strong></span> <span class='ocrx_word' id='word_1_166' title='bbox 1318 2163 1504 2220; x_wconf 85' lang='lat' dir='ltr'><strong>heibe-</strong></span> 
     </span>
     <span class='ocr_line' id='line_1_21' title="bbox 433 2231 1506 2295; baseline -0.001 -7"><span class='ocrx_word' id='word_1_167' title='bbox 433 2232 646 2295; x_wconf 81' lang='lat' dir='ltr'><strong>halten,</strong></span> <span class='ocrx_word' id='word_1_168' title='bbox 684 2231 842 2289; x_wconf 87' lang='lat' dir='ltr'><strong>dabei</strong></span> <span class='ocrx_word' id='word_1_169' title='bbox 906 2233 1188 2289; x_wconf 86' lang='lat' dir='ltr'><strong>eharren“.</strong></span> <span class='ocrx_word' id='word_1_170' title='bbox 1221 2260 1289 2269; x_wconf 92' lang='lat'>—</span> <span class='ocrx_word' id='word_1_171' title='bbox 1321 2231 1506 2288; x_wconf 88' lang='lat' dir='ltr'><strong>Ueber</strong></span> 
     </span>
     <span class='ocr_line' id='line_1_22' title="bbox 436 2299 1504 2359; baseline 0.001 -4"><span class='ocrx_word' id='word_1_172' title='bbox 436 2299 486 2356; x_wconf 85' lang='lat' dir='ltr'><strong>d.</strong></span> <span class='ocrx_word' id='word_1_173' title='bbox 511 2300 873 2357; x_wconf 88' lang='lat' dir='ltr'><strong>Unterschied</strong></span> <span class='ocrx_word' id='word_1_174' title='bbox 897 2317 945 2355; x_wconf 89' lang='lat' dir='ltr'><strong>v.</strong></span> <span class='ocrx_word' id='word_1_175' title='bbox 973 2305 1134 2356; x_wconf 77' lang='lat' dir='ltr'><strong>aetas</strong></span> <span class='ocrx_word' id='word_1_176' title='bbox 1159 2317 1212 2355; x_wconf 90' lang='lat' dir='ltr'><strong>u.</strong></span> <span class='ocrx_word' id='word_1_177' title='bbox 1237 2306 1504 2359; x_wconf 79' lang='lat' dir='ltr'><strong>senectus</strong></span> 
     </span>
     <span class='ocr_line' id='line_1_23' title="bbox 432 2367 1503 2433; baseline 0.002 -10"><span class='ocrx_word' id='word_1_178' title='bbox 432 2396 500 2407; x_wconf 88' lang='lat'>-</span> <span class='ocrx_word' id='word_1_179' title='bbox 531 2385 600 2424; x_wconf 90' lang='lat' dir='ltr'><strong>zu</strong></span> <span class='ocrx_word' id='word_1_180' title='bbox 624 2367 702 2425; x_wconf 87' lang='lat' dir='ltr'><strong>St.</strong></span> <span class='ocrx_word' id='word_1_181' title='bbox 715 2371 797 2432; x_wconf 83' lang='grc'><strong>78,</strong></span> <span class='ocrx_word' id='word_1_182' title='bbox 812 2371 857 2424; x_wconf 93' lang='lat'><strong>1.</strong></span> <span class='ocrx_word' id='word_1_183' title='bbox 880 2397 944 2407; x_wconf 93' lang='lat'><strong>—-</strong></span> <span class='ocrx_word' id='word_1_184' title='bbox 972 2371 1027 2433; x_wconf 90' lang='grc'><strong>2)</strong></span> <span class='ocrx_word' id='word_1_185' title='bbox 1052 2368 1132 2424; x_wconf 88' lang='lat' dir='ltr'><strong>M.</strong></span> <span class='ocrx_word' id='word_1_186' title='bbox 1155 2368 1343 2425; x_wconf 63' lang='grc' dir='ltr'><strong>ναῖεν.</strong></span> <span class='ocrx_word' id='word_1_187' title='bbox 1366 2367 1503 2425; x_wconf 86' lang='lat' dir='ltr'><strong>Cor-</strong></span> 
     </span>
     <span class='ocr_line' id='line_1_24' title="bbox 433 2435 1504 2502; baseline -0.002 -9"><span class='ocrx_word' id='word_1_188' title='bbox 433 2452 540 2493; x_wconf 80' lang='lat' dir='ltr'><strong>vus</strong></span> <span class='ocrx_word' id='word_1_189' title='bbox 565 2437 674 2502; x_wconf 85' lang='lat' dir='ltr'><strong>(od.</strong></span> <span class='ocrx_word' id='word_1_190' title='bbox 703 2435 1025 2502; x_wconf 72' lang='lat' dir='ltr'><strong>Corvinus),</strong></span> <span class='ocrx_word' id='word_1_191' title='bbox 1062 2435 1301 2492; x_wconf 82' lang='lat' dir='ltr'><strong>bekannt</strong></span> <span class='ocrx_word' id='word_1_192' title='bbox 1326 2436 1504 2492; x_wconf 86' lang='lat' dir='ltr'><strong>durch</strong></span> 
     </span>
     <span class='ocr_line' id='line_1_25' title="bbox 435 2504 1504 2562; baseline -0.002 -1"><span class='ocrx_word' id='word_1_193' title='bbox 435 2505 625 2561; x_wconf 89' lang='lat' dir='ltr'><strong>seinen</strong></span> <span class='ocrx_word' id='word_1_194' title='bbox 649 2504 922 2559; x_wconf 83' lang='lat' dir='ltr'><strong>Zweikam</strong></span> <span class='ocrx_word' id='word_1_195' title='bbox 965 2504 990 2559; x_wconf 77' lang='lat' dir='ltr'>f</span> <span class='ocrx_word' id='word_1_196' title='bbox 1016 2504 1119 2559; x_wconf 86' lang='lat' dir='ltr'><strong>mit</strong></span> <span class='ocrx_word' id='word_1_197' title='bbox 1150 2504 1272 2559; x_wconf 87' lang='lat' dir='ltr'><strong>dem</strong></span> <span class='ocrx_word' id='word_1_198' title='bbox 1299 2504 1504 2562; x_wconf 85' lang='lat' dir='ltr'><strong>Gallier</strong></span> 
     </span>
     <span class='ocr_line' id='line_1_26' title="bbox 456 2570 1506 2635; baseline 0.001 -9"><span class='ocrx_word' id='word_1_199' title='bbox 456 2574 556 2626; x_wconf 82' lang='lat'><strong>349</strong></span> <span class='ocrx_word' id='word_1_200' title='bbox 580 2588 630 2626; x_wconf 88' lang='lat' dir='ltr'><strong>v.</strong></span> <span class='ocrx_word' id='word_1_201' title='bbox 656 2571 771 2635; x_wconf 87' lang='lat' dir='ltr'><strong>Ch.)</strong></span> <span class='ocrx_word' id='word_1_202' title='bbox 805 2573 906 2628; x_wconf 88' lang='lat' dir='ltr'><strong>mit</strong></span> <span class='ocrx_word' id='word_1_203' title='bbox 973 2570 1180 2627; x_wconf 78' lang='lat' dir='ltr'><strong>eihiilfe</strong></span> <span class='ocrx_word' id='word_1_204' title='bbox 1217 2573 1366 2627; x_wconf 89' lang='lat' dir='ltr'><strong>eines</strong></span> <span class='ocrx_word' id='word_1_205' title='bbox 1400 2570 1506 2628; x_wconf 82' lang='lat' dir='ltr'><strong>Ra·</strong></span> 
     </span>
    </p>

    <p class='ocr_par' dir='ltr' id='par_1_7' title="bbox 432 2637 1507 4336">
     <span class='ocr_line' id='line_1_27' title="bbox 474 2637 1503 2706; baseline -0.001 -11"><span class='ocrx_word' id='word_1_206' title='bbox 474 2656 567 2695; x_wconf 85' lang='lat' dir='ltr'><strong>en:</strong></span> <span class='ocrx_word' id='word_1_207' title='bbox 610 2637 730 2694; x_wconf 83' lang='lat' dir='ltr'><strong>Liv.</strong></span> <span class='ocrx_word' id='word_1_208' title='bbox 756 2644 812 2702; x_wconf 82' lang='grc'><strong>7,</strong></span> <span class='ocrx_word' id='word_1_209' title='bbox 834 2643 915 2694; x_wconf 84' lang='grc'><strong>26.</strong></span> <span class='ocrx_word' id='word_1_210' title='bbox 950 2666 1016 2677; x_wconf 92' lang='grc'>-</span> <span class='ocrx_word' id='word_1_211' title='bbox 1050 2639 1403 2706; x_wconf 74' lang='lat' dir='ltr'><strong>perduxisse</strong></span> <span class='ocrx_word' id='word_1_212' title='bbox 1428 2655 1503 2696; x_wconf 88' lang='lat' dir='ltr'><strong>sc.</strong></span> 
     </span>
     <span class='ocr_line' id='line_1_28' title="bbox 435 2705 1505 2772; baseline -0.001 -9"><span class='ocrx_word' id='word_1_213' title='bbox 435 2713 700 2772; x_wconf 77' lang='lat' dir='ltr'><strong>aetatem,</strong></span> <span class='ocrx_word' id='word_1_214' title='bbox 723 2706 868 2762; x_wconf 71' lang='lat' dir='ltr'><strong>ahnl.</strong></span> <span class='ocrx_word' id='word_1_215' title='bbox 878 2707 989 2762; x_wconf 87' lang='lat' dir='ltr'><strong>wie</strong></span> <span class='ocrx_word' id='word_1_216' title='bbox 998 2705 1148 2763; x_wconf 77' lang='lat' dir='ltr'><strong>Ptin.</strong></span> <span class='ocrx_word' id='word_1_217' title='bbox 1159 2723 1212 2762; x_wconf 91' lang='lat' dir='ltr'><strong>n.</strong></span> <span class='ocrx_word' id='word_1_218' title='bbox 1222 2708 1277 2764; x_wconf 90' lang='lat' dir='ltr'><strong>h.</strong></span> <span class='ocrx_word' id='word_1_219' title='bbox 1289 2710 1373 2770; x_wconf 85' lang='grc'><strong>29,</strong></span> <span class='ocrx_word' id='word_1_220' title='bbox 1387 2711 1432 2771; x_wconf 87' lang='grc'><strong>1,</strong></span> <span class='ocrx_word' id='word_1_221' title='bbox 1444 2710 1476 2760; x_wconf 90' lang='lat'>8</span> <span class='ocrx_word' id='word_1_222' title='bbox 1492 2726 1505 2762; x_wconf 79' lang='lat' dir='ltr'><strong><em>z</em></strong></span> 
     </span>
     <span class='ocr_line' id='line_1_29' title="bbox 437 2773 1507 2855; baseline 0 -24"><span class='ocrx_word' id='word_1_223' title='bbox 437 2792 498 2832; x_wconf 92' lang='lat' dir='ltr'><strong>se</strong></span> <span class='ocrx_word' id='word_1_224' title='bbox 517 2782 572 2831; x_wconf 89' lang='lat' dir='ltr'><strong>et</strong></span> <span class='ocrx_word' id='word_1_225' title='bbox 591 2775 883 2855; x_wconf 66' lang='lat' dir='ltr'><strong>coniugem</strong></span> <span class='ocrx_word' id='word_1_226' title='bbox 902 2790 1081 2841; x_wconf 88' lang='lat' dir='ltr'><strong>usque</strong></span> <span class='ocrx_word' id='word_1_227' title='bbox 1099 2775 1169 2831; x_wconf 85' lang='lat' dir='ltr'><strong>ad</strong></span> <span class='ocrx_word' id='word_1_228' title='bbox 1186 2773 1409 2842; x_wconf 82' lang='lat' dir='ltr'><strong>longam</strong></span> <span class='ocrx_word' id='word_1_229' title='bbox 1420 2792 1507 2831; x_wconf 91' lang='lat' dir='ltr'><strong>se-</strong></span> 
     </span>
     <span class='ocr_line' id='line_1_30' title="bbox 434 2842 1507 2910; baseline -0.001 -11"><span class='ocrx_word' id='word_1_230' title='bbox 434 2851 648 2900; x_wconf 85' lang='lat' dir='ltr'><strong>nectam</strong></span> <span class='ocrx_word' id='word_1_231' title='bbox 664 2844 1018 2910; x_wconf 80' lang='lat' dir='ltr'><strong>perducere,·</strong></span> <span class='ocrx_word' id='word_1_232' title='bbox 1051 2859 1166 2898; x_wconf 89' lang='lat' dir='ltr'><strong>sen.</strong></span> <span class='ocrx_word' id='word_1_233' title='bbox 1191 2847 1269 2906; x_wconf 89' lang='lat'><strong>18,</strong></span> <span class='ocrx_word' id='word_1_234' title='bbox 1292 2847 1384 2898; x_wconf 80' lang='lat'><strong>64:</strong></span> <span class='ocrx_word' id='word_1_235' title='bbox 1427 2842 1507 2898; x_wconf 84' lang='lat' dir='ltr'><strong>fa-</strong></span> 
     </span>
     <span class='ocr_line' id='line_1_31' title="bbox 436 2910 1503 2978; baseline -0.001 -11"><span class='ocrx_word' id='word_1_236' title='bbox 436 2910 621 2968; x_wconf 85' lang='lat' dir='ltr'><strong>bulam</strong></span> <span class='ocrx_word' id='word_1_237' title='bbox 656 2912 848 2967; x_wconf 85' lang='lat' dir='ltr'><strong>aetatis</strong></span> <span class='ocrx_word' id='word_1_238' title='bbox 922 2926 1187 2978; x_wconf 71' lang='lat' dir='ltr'><strong>eraqere;</strong></span> <span class='ocrx_word' id='word_1_239' title='bbox 1222 2912 1280 2968; x_wconf 87' lang='lat' dir='ltr'><strong>in</strong></span> <span class='ocrx_word' id='word_1_240' title='bbox 1303 2928 1410 2978; x_wconf 80' lang='lat' dir='ltr'><strong>per</strong></span> <span class='ocrx_word' id='word_1_241' title='bbox 1430 2940 1503 2948; x_wconf 88' lang='lat'><em>-</em></span> 
     </span>
     <span class='ocr_line' id='line_1_32' title="bbox 434 2929 1499 3048; baseline 0 -14"><span class='ocrx_word' id='word_1_242' title='bbox 434 2979 572 3048; x_wconf 81' lang='lat' dir='ltr'><strong>liegt</strong></span> <span class='ocrx_word' id='word_1_243' title='bbox 603 2979 717 3034; x_wconf 92' lang='lat' dir='ltr'><strong>Ziel</strong></span> <span class='ocrx_word' id='word_1_244' title='bbox 742 2997 795 3035; x_wconf 94' lang='grc' dir='ltr'><strong>ιι.</strong></span> <span class='ocrx_word' id='word_1_245' title='bbox 820 2929 1123 3036; x_wconf 58' lang='grc' dir='ltr'><strong>Αέἒιοῑιίιιεε</strong></span> <span class='ocrx_word' id='word_1_246' title='bbox 1148 2979 1499 3048; x_wconf 80' lang='lat' dir='ltr'><strong>angedeutet.</strong></span> 
     </span>
     <span class='ocr_line' id='line_1_33' title="bbox 434 3047 1501 3116; baseline 0 -14"><span class='ocrx_word' id='word_1_247' title='bbox 434 3047 673 3116; x_wconf 86' lang='lat' dir='ltr'><strong>[Andere</strong></span> <span class='ocrx_word' id='word_1_248' title='bbox 707 3047 915 3105; x_wconf 82' lang='lat' dir='ltr'><strong>wellen</strong></span> <span class='ocrx_word' id='word_1_249' title='bbox 944 3065 1012 3103; x_wconf 86' lang='lat' dir='ltr'><strong>zu</strong></span> <span class='ocrx_word' id='word_1_250' title='bbox 1031 3049 1286 3114; x_wconf 81' lang='lat' dir='ltr'><strong>perdux.</strong></span> <span class='ocrx_word' id='word_1_251' title='bbox 1305 3049 1501 3104; x_wconf 79' lang='lat' dir='ltr'><strong>studia</strong></span> 
     </span>
     <span class='ocr_line' id='line_1_34' title="bbox 436 3114 1502 3184; baseline -0.001 -12"><span class='ocrx_word' id='word_1_252' title='bbox 436 3114 746 3184; x_wconf 68' lang='lat' dir='ltr'><strong>erganzenJ</strong></span> <span class='ocrx_word' id='word_1_253' title='bbox 788 3145 856 3154; x_wconf 89' lang='lat'>—</span> <span class='ocrx_word' id='word_1_254' title='bbox 897 3121 1030 3171; x_wconf 82' lang='lat' dir='ltr'><strong>acta</strong></span> <span class='ocrx_word' id='word_1_255' title='bbox 1063 3118 1179 3171; x_wconf 84' lang='lat' dir='ltr'><strong>iam</strong></span> <span class='ocrx_word' id='word_1_256' title='bbox 1212 3121 1397 3172; x_wconf 78' lang='lat' dir='ltr'><strong>aetate·</strong></span> <span class='ocrx_word' id='word_1_257' title='bbox 1432 3142 1502 3153; x_wconf 84' lang='lat'><strong>--</strong></span> 
     </span>
     <span class='ocr_line' id='line_1_35' title="bbox 435 3182 1498 3246; baseline 0 -8"><span class='ocrx_word' id='word_1_258' title='bbox 435 3186 612 3246; x_wconf 84' lang='lat' dir='ltr'><strong>„nach</strong></span> <span class='ocrx_word' id='word_1_259' title='bbox 661 3182 1060 3239; x_wconf 86' lang='lat' dir='ltr'><strong>vollbrachtem</strong></span> <span class='ocrx_word' id='word_1_260' title='bbox 1106 3182 1498 3245; x_wconf 76' lang='lat' dir='ltr'><strong>Lebenslaus“,</strong></span> 
     </span>
     <span class='ocr_line' id='line_1_36' title="bbox 434 3249 1501 3307; baseline 0 -2"><span class='ocrx_word' id='word_1_261' title='bbox 434 3256 596 3305; x_wconf 80' lang='lat' dir='ltr'><strong>aetas</strong></span> <span class='ocrx_word' id='word_1_262' title='bbox 620 3250 671 3304; x_wconf 89' lang='lat' dir='ltr'><strong>h.</strong></span> <span class='ocrx_word' id='word_1_263' title='bbox 699 3266 745 3304; x_wconf 92' lang='lat' dir='ltr'><strong>v.</strong></span> <span class='ocrx_word' id='word_1_264' title='bbox 772 3249 823 3304; x_wconf 90' lang='lat' dir='ltr'><strong>d.</strong></span> <span class='ocrx_word' id='word_1_265' title='bbox 847 3249 1013 3305; x_wconf 71' lang='lat' dir='ltr'><strong>krafti</strong></span> <span class='ocrx_word' id='word_1_266' title='bbox 1056 3266 1123 3306; x_wconf 90' lang='lat' dir='ltr'><strong>en</strong></span> <span class='ocrx_word' id='word_1_267' title='bbox 1157 3250 1412 3307; x_wconf 82' lang='lat' dir='ltr'><strong>Mannes-</strong></span> <span class='ocrx_word' id='word_1_268' title='bbox 1445 3268 1501 3305; x_wconf 91' lang='lat' dir='ltr'><strong>u.</strong></span> 
     </span>
     <span class='ocr_line' id='line_1_37' title="bbox 438 3316 1504 3386; baseline -0.001 -14"><span class='ocrx_word' id='word_1_269' title='bbox 438 3316 821 3380; x_wconf 79' lang='lat' dir='ltr'><strong>Greisenalter,</strong></span> <span class='ocrx_word' id='word_1_270' title='bbox 836 3317 933 3372; x_wconf 85' lang='lat' dir='ltr'><strong>das</strong></span> <span class='ocrx_word' id='word_1_271' title='bbox 945 3334 973 3371; x_wconf 87' lang='lat' dir='ltr'>z</span> <span class='ocrx_word' id='word_1_272' title='bbox 1059 3317 1504 3386; x_wconf 69' lang='lat' dir='ltr'><strong>erufsthatigkeit</strong></span> 
     </span>
     <span class='ocr_line' id='line_1_38' title="bbox 432 3383 1505 3452; baseline -0.001 -12"><span class='ocrx_word' id='word_1_273' title='bbox 432 3402 487 3440; x_wconf 91' lang='lat' dir='ltr'><strong>u.</strong></span> <span class='ocrx_word' id='word_1_274' title='bbox 501 3383 1338 3452; x_wconf 74' lang='lat' dir='ltr'><strong>iiffentl.Wirkenbesahigt.—3)</strong></span> <span class='ocrx_word' id='word_1_275' title='bbox 1352 3388 1505 3443; x_wconf 82' lang='lat' dir='ltr'><strong>inter</strong></span> 
     </span>
     <span class='ocr_line' id='line_1_39' title="bbox 432 3452 1503 3525; baseline 0.002 -19"><span class='ocrx_word' id='word_1_276' title='bbox 432 3470 522 3525; x_wconf 78' lang='lat' dir='ltr'><strong>pr.</strong></span> <span class='ocrx_word' id='word_1_277' title='bbox 546 3460 604 3509; x_wconf 76' lang='lat' dir='ltr'><strong>et</strong></span> <span class='ocrx_word' id='word_1_278' title='bbox 626 3458 775 3508; x_wconf 73' lang='lat' dir='ltr'><strong>sext.</strong></span> <span class='ocrx_word' id='word_1_279' title='bbox 808 3468 965 3509; x_wconf 76' lang='lat' dir='ltr'><strong>cons.</strong></span> <span class='ocrx_word' id='word_1_280' title='bbox 1000 3481 1066 3492; x_wconf 90' lang='lat'><strong>—-</strong></span> <span class='ocrx_word' id='word_1_281' title='bbox 1101 3454 1241 3508; x_wconf 87' lang='lat' dir='ltr'><strong>nach</strong></span> <span class='ocrx_word' id='word_1_282' title='bbox 1265 3452 1370 3509; x_wconf 89' lang='lat' dir='ltr'><strong>den</strong></span> <span class='ocrx_word' id='word_1_283' title='bbox 1403 3452 1503 3508; x_wconf 80' lang='lat' dir='ltr'><strong>Fa-</strong></span> 
     </span>
     <span class='ocr_line' id='line_1_40' title="bbox 436 3519 1500 3583; baseline 0.001 -7"><span class='ocrx_word' id='word_1_284' title='bbox 436 3528 560 3576; x_wconf 90' lang='lat' dir='ltr'><strong>sten</strong></span> <span class='ocrx_word' id='word_1_285' title='bbox 608 3520 887 3576; x_wconf 87' lang='lat' dir='ltr'><strong>zwischen</strong></span> <span class='ocrx_word' id='word_1_286' title='bbox 945 3523 1047 3574; x_wconf 78' lang='lat'><strong>348</strong></span> <span class='ocrx_word' id='word_1_287' title='bbox 1104 3536 1159 3576; x_wconf 92' lang='lat' dir='ltr'><strong>u.</strong></span> <span class='ocrx_word' id='word_1_288' title='bbox 1206 3524 1332 3583; x_wconf 86' lang='grc'><strong>299,</strong></span> <span class='ocrx_word' id='word_1_289' title='bbox 1380 3519 1500 3577; x_wconf 86' lang='lat' dir='ltr'><strong>also</strong></span> 
     </span>
     <span class='ocr_line' id='line_1_41' title="bbox 436 3586 1502 3654; baseline 0.003 -12"><span class='ocrx_word' id='word_1_290' title='bbox 436 3587 659 3654; x_wconf 82' lang='lat' dir='ltr'><strong>eigentl.</strong></span> <span class='ocrx_word' id='word_1_291' title='bbox 685 3589 829 3645; x_wconf 89' lang='lat' dir='ltr'><strong>noch</strong></span> <span class='ocrx_word' id='word_1_292' title='bbox 852 3589 1035 3651; x_wconf 87' lang='lat' dir='ltr'><strong>mehr;</strong></span> <span class='ocrx_word' id='word_1_293' title='bbox 1061 3602 1226 3643; x_wconf 86' lang='lat' dir='ltr'><strong>wenn</strong></span> <span class='ocrx_word' id='word_1_294' title='bbox 1246 3588 1335 3643; x_wconf 87' lang='lat' dir='ltr'><strong>die</strong></span> <span class='ocrx_word' id='word_1_295' title='bbox 1357 3586 1502 3645; x_wconf 87' lang='lat' dir='ltr'><strong>beid.</strong></span> 
     </span>
     <span class='ocr_line' id='line_1_42' title="bbox 436 3655 1499 3725; baseline 0.002 -15"><span class='ocrx_word' id='word_1_296' title='bbox 436 3655 888 3725; x_wconf 85' lang='lat' dir='ltr'><strong>Consulatsjahre</strong></span> <span class='ocrx_word' id='word_1_297' title='bbox 912 3656 1228 3724; x_wconf 80' lang='lat' dir='ltr'><strong>ahgezogen</strong></span> <span class='ocrx_word' id='word_1_298' title='bbox 1252 3656 1499 3720; x_wconf 85' lang='lat' dir='ltr'><strong>werden,</strong></span> 
     </span>
     <span class='ocr_line' id='line_1_43' title="bbox 433 3721 1502 3793; baseline 0.002 -15"><span class='ocrx_word' id='word_1_299' title='bbox 433 3721 654 3781; x_wconf 87' lang='lat' dir='ltr'><strong>bleiben</strong></span> <span class='ocrx_word' id='word_1_300' title='bbox 693 3728 759 3777; x_wconf 81' lang='lat'><strong>47</strong></span> <span class='ocrx_word' id='word_1_301' title='bbox 805 3724 1267 3793; x_wconf 80' lang='lat' dir='ltr'><strong>zwischenjahre.</strong></span> <span class='ocrx_word' id='word_1_302' title='bbox 1323 3725 1502 3786; x_wconf 87' lang='lat' dir='ltr'><strong>[Auch</strong></span> 
     </span>
     <span class='ocr_line' id='line_1_44' title="bbox 447 3790 1501 3856; baseline 0.001 -9"><span class='ocrx_word' id='word_1_303' title='bbox 447 3790 636 3849; x_wconf 60' lang='grc' dir='ltr'><strong>ναῖεν.</strong></span> <span class='ocrx_word' id='word_1_304' title='bbox 660 3791 825 3848; x_wconf 77' lang='lat' dir='ltr'><strong>Max.</strong></span> <span class='ocrx_word' id='word_1_305' title='bbox 867 3797 924 3856; x_wconf 89' lang='lat'><strong>8,</strong></span> <span class='ocrx_word' id='word_1_306' title='bbox 969 3796 1032 3844; x_wconf 88' lang='lat'><strong>13</strong></span> <span class='ocrx_word' id='word_1_307' title='bbox 1073 3811 1127 3849; x_wconf 93' lang='grc' dir='ltr'><strong>ιι.</strong></span> <span class='ocrx_word' id='word_1_308' title='bbox 1159 3791 1310 3849; x_wconf 75' lang='lat' dir='ltr'><strong>Ptin.</strong></span> <span class='ocrx_word' id='word_1_309' title='bbox 1353 3792 1413 3850; x_wconf 91' lang='lat' dir='ltr'><strong>N.</strong></span> <span class='ocrx_word' id='word_1_310' title='bbox 1436 3791 1501 3848; x_wconf 90' lang='lat' dir='ltr'><strong>H.</strong></span> 
     </span>
     <span class='ocr_line' id='line_1_45' title="bbox 435 3859 1502 3928; baseline 0.004 -15"><span class='ocrx_word' id='word_1_311' title='bbox 435 3864 483 3924; x_wconf 80' lang='lat'><strong>7,</strong></span> <span class='ocrx_word' id='word_1_312' title='bbox 505 3864 601 3925; x_wconf 80' lang='grc'><strong>48,</strong></span> <span class='ocrx_word' id='word_1_313' title='bbox 630 3864 728 3914; x_wconf 72' lang='grc'><strong>167</strong></span> <span class='ocrx_word' id='word_1_314' title='bbox 769 3859 947 3917; x_wconf 86' lang='lat' dir='ltr'><strong>haben</strong></span> <span class='ocrx_word' id='word_1_315' title='bbox 978 3865 1046 3914; x_wconf 85' lang='grc'><strong>46</strong></span> <span class='ocrx_word' id='word_1_316' title='bbox 1077 3860 1145 3923; x_wconf 87' lang='lat' dir='ltr'><strong>J.]</strong></span> <span class='ocrx_word' id='word_1_317' title='bbox 1185 3890 1255 3900; x_wconf 90' lang='lat'><strong>—-</strong></span> <span class='ocrx_word' id='word_1_318' title='bbox 1293 3863 1348 3928; x_wconf 84' lang='lat'><strong>4)</strong></span> <span class='ocrx_word' id='word_1_319' title='bbox 1380 3861 1502 3917; x_wconf 86' lang='lat' dir='ltr'><strong>Man</strong></span> 
     </span>
     <span class='ocr_line' id='line_1_46' title="bbox 435 3928 1501 3997; baseline 0 -13"><span class='ocrx_word' id='word_1_320' title='bbox 435 3929 787 3986; x_wconf 87' lang='lat' dir='ltr'><strong>unterschied</strong></span> <span class='ocrx_word' id='word_1_321' title='bbox 812 3928 939 3984; x_wconf 70' lang='lat' dir='ltr'><strong>funs</strong></span> <span class='ocrx_word' id='word_1_322' title='bbox 958 3934 1204 3986; x_wconf 77' lang='lat' dir='ltr'><strong>aetates.-</strong></span> <span class='ocrx_word' id='word_1_323' title='bbox 1231 3931 1280 3994; x_wconf 91' lang='lat'><strong>1)</strong></span> <span class='ocrx_word' id='word_1_324' title='bbox 1301 3931 1501 3997; x_wconf 80' lang='lat' dir='ltr'><strong>pueri-</strong></span> 
     </span>
     <span class='ocr_line' id='line_1_47' title="bbox 435 3996 1498 4063; baseline 0.002 -11"><span class='ocrx_word' id='word_1_325' title='bbox 435 3999 541 4063; x_wconf 84' lang='lat' dir='ltr'><strong>tia,</strong></span> <span class='ocrx_word' id='word_1_326' title='bbox 582 3997 666 4055; x_wconf 85' lang='lat' dir='ltr'><strong>bis</strong></span> <span class='ocrx_word' id='word_1_327' title='bbox 703 4014 770 4053; x_wconf 88' lang='lat' dir='ltr'><strong>zu</strong></span> <span class='ocrx_word' id='word_1_328' title='bbox 806 4001 870 4050; x_wconf 87' lang='lat'><strong>15</strong></span> <span class='ocrx_word' id='word_1_329' title='bbox 896 3996 967 4062; x_wconf 89' lang='lat' dir='ltr'><strong>J.,</strong></span> <span class='ocrx_word' id='word_1_330' title='bbox 1014 3998 1068 4061; x_wconf 87' lang='grc'><strong>2)</strong></span> <span class='ocrx_word' id='word_1_331' title='bbox 1095 3998 1498 4061; x_wconf 78' lang='lat' dir='ltr'><strong>adolescentia,</strong></span> 
     </span>
     <span class='ocr_line' id='line_1_48' title="bbox 433 4063 1499 4134; baseline 0.004 -15"><span class='ocrx_word' id='word_1_332' title='bbox 433 4063 518 4121; x_wconf 84' lang='lat' dir='ltr'><strong>his</strong></span> <span class='ocrx_word' id='word_1_333' title='bbox 544 4071 626 4129; x_wconf 89' lang='lat'><strong>30,</strong></span> <span class='ocrx_word' id='word_1_334' title='bbox 653 4068 705 4134; x_wconf 88' lang='lat'><strong>3)</strong></span> <span class='ocrx_word' id='word_1_335' title='bbox 729 4068 1013 4133; x_wconf 77' lang='lat' dir='ltr'><strong>iuventus,</strong></span> <span class='ocrx_word' id='word_1_336' title='bbox 1039 4065 1124 4121; x_wconf 90' lang='lat' dir='ltr'><strong>bis</strong></span> <span class='ocrx_word' id='word_1_337' title='bbox 1148 4070 1233 4133; x_wconf 82' lang='lat'><strong>45,</strong></span> <span class='ocrx_word' id='word_1_338' title='bbox 1258 4069 1312 4131; x_wconf 83' lang='lat'><strong>4)</strong></span> <span class='ocrx_word' id='word_1_339' title='bbox 1336 4073 1499 4123; x_wconf 76' lang='lat' dir='ltr'><strong>aetas</strong></span> 
     </span>
     <span class='ocr_line' id='line_1_49' title="bbox 432 4132 1500 4200; baseline 0.001 -12"><span class='ocrx_word' id='word_1_340' title='bbox 432 4137 744 4200; x_wconf 75' lang='lat' dir='ltr'><strong>seniorum,</strong></span> <span class='ocrx_word' id='word_1_341' title='bbox 768 4134 852 4190; x_wconf 92' lang='lat' dir='ltr'><strong>bis</strong></span> <span class='ocrx_word' id='word_1_342' title='bbox 865 4138 948 4197; x_wconf 90' lang='grc'><strong>60,</strong></span> <span class='ocrx_word' id='word_1_343' title='bbox 973 4135 1025 4198; x_wconf 80' lang='grc'><strong>5)</strong></span> <span class='ocrx_word' id='word_1_344' title='bbox 1051 4141 1333 4198; x_wconf 79' lang='lat' dir='ltr'><strong>senectus,</strong></span> <span class='ocrx_word' id='word_1_345' title='bbox 1361 4132 1500 4189; x_wconf 73' lang='lat' dir='ltr'><strong>fiber</strong></span> 
     </span>
     <span class='ocr_line' id='line_1_50' title="bbox 435 4201 1497 4260; baseline 0.002 -6"><span class='ocrx_word' id='word_1_346' title='bbox 435 4206 503 4254; x_wconf 85' lang='grc'><strong>60</strong></span> <span class='ocrx_word' id='word_1_347' title='bbox 525 4201 571 4257; x_wconf 84' lang='lat' dir='ltr'><strong>J.</strong></span> <span class='ocrx_word' id='word_1_348' title='bbox 625 4203 770 4260; x_wconf 85' lang='lat' dir='ltr'><strong>Aber</strong></span> <span class='ocrx_word' id='word_1_349' title='bbox 796 4202 947 4258; x_wconf 89' lang='lat' dir='ltr'><strong>diese</strong></span> <span class='ocrx_word' id='word_1_350' title='bbox 981 4202 1230 4258; x_wconf 86' lang='lat' dir='ltr'><strong>Grenzen</strong></span> <span class='ocrx_word' id='word_1_351' title='bbox 1261 4201 1497 4256; x_wconf 85' lang='lat' dir='ltr'><strong>wurden</strong></span> 
     </span>
     <span class='ocr_line' id='line_1_51' title="bbox 439 4268 1498 4336; baseline 0 -11"><span class='ocrx_word' id='word_1_352' title='bbox 439 4268 523 4325; x_wconf 86' lang='lat' dir='ltr'><strong>ost</strong></span> <span class='ocrx_word' id='word_1_353' title='bbox 554 4270 921 4328; x_wconf 86' lang='lat' dir='ltr'><strong>verschoben:</strong></span> <span class='ocrx_word' id='word_1_354' title='bbox 971 4286 1095 4325; x_wconf 87' lang='lat' dir='ltr'><strong>man</strong></span> <span class='ocrx_word' id='word_1_355' title='bbox 1130 4284 1235 4336; x_wconf 85' lang='lat' dir='ltr'><strong>zog</strong></span> <span class='ocrx_word' id='word_1_356' title='bbox 1267 4273 1315 4323; x_wconf 93' lang='grc'><strong>2.</strong></span> <span class='ocrx_word' id='word_1_357' title='bbox 1349 4285 1404 4324; x_wconf 90' lang='grc' dir='ltr'><strong>ιι.</strong></span> <span class='ocrx_word' id='word_1_358' title='bbox 1428 4274 1498 4333; x_wconf 70' lang='grc'><strong>3.,</strong></span> 
     </span>
    </p>
   </div>
   <div class='ocr_carea' id='block_1_7' title="bbox 1601 2095 2678 4336">
    <p class='ocr_par' dir='ltr' id='par_1_8' title="bbox 1601 2095 2676 2695">
     <span class='ocr_line' id='line_1_52' title="bbox 1609 2095 2671 2154; baseline -0.002 -1"><span class='ocrx_word' id='word_1_359' title='bbox 1609 2095 1745 2153; x_wconf 86' lang='lat' dir='ltr'><strong>oder</strong></span> <span class='ocrx_word' id='word_1_360' title='bbox 1768 2097 1908 2154; x_wconf 83' lang='lat' dir='ltr'><strong>auch</strong></span> <span class='ocrx_word' id='word_1_361' title='bbox 1932 2101 2108 2154; x_wconf 77' lang='grc' dir='ltr'><strong>4.ιι.ὅ.</strong></span> <span class='ocrx_word' id='word_1_362' title='bbox 2134 2097 2191 2152; x_wconf 90' lang='lat' dir='ltr'><strong>in</strong></span> <span class='ocrx_word' id='word_1_363' title='bbox 2201 2096 2671 2153; x_wconf 82' lang='lat' dir='ltr'><strong>Eiuszusammen</strong></span> 
     </span>
     <span class='ocr_line' id='line_1_53' title="bbox 1607 2164 2673 2221; baseline 0.001 -2"><span class='ocrx_word' id='word_1_364' title='bbox 1607 2181 1662 2221; x_wconf 85' lang='lat' dir='ltr'><strong>u.</strong></span> <span class='ocrx_word' id='word_1_365' title='bbox 1686 2171 1863 2221; x_wconf 87' lang='lat' dir='ltr'><strong>setzte</strong></span> <span class='ocrx_word' id='word_1_366' title='bbox 1886 2165 2029 2221; x_wconf 84' lang='lat' dir='ltr'><strong>dann</strong></span> <span class='ocrx_word' id='word_1_367' title='bbox 2055 2164 2161 2221; x_wconf 87' lang='lat' dir='ltr'><strong>den</strong></span> <span class='ocrx_word' id='word_1_368' title='bbox 2183 2164 2410 2221; x_wconf 88' lang='lat' dir='ltr'><strong>Eintritt</strong></span> <span class='ocrx_word' id='word_1_369' title='bbox 2443 2164 2544 2220; x_wconf 90' lang='lat' dir='ltr'><strong>der</strong></span> <span class='ocrx_word' id='word_1_370' title='bbox 2583 2180 2673 2221; x_wconf 81' lang='lat' dir='ltr'><strong>se-</strong></span> 
     </span>
     <span class='ocr_line' id='line_1_54' title="bbox 1607 2231 2673 2297; baseline -0.003 -10"><span class='ocrx_word' id='word_1_371' title='bbox 1607 2238 1808 2289; x_wconf 78' lang='lat' dir='ltr'><strong>nectus</strong></span> <span class='ocrx_word' id='word_1_372' title='bbox 1833 2250 1933 2289; x_wconf 89' lang='lat' dir='ltr'><strong>vor</strong></span> <span class='ocrx_word' id='word_1_373' title='bbox 1956 2231 2051 2288; x_wconf 87' lang='lat' dir='ltr'><strong>das</strong></span> <span class='ocrx_word' id='word_1_374' title='bbox 2077 2237 2159 2287; x_wconf 82' lang='lat'><strong>60.</strong></span> <span class='ocrx_word' id='word_1_375' title='bbox 2182 2233 2255 2296; x_wconf 86' lang='lat' dir='ltr'><strong>J.;</strong></span> <span class='ocrx_word' id='word_1_376' title='bbox 2282 2250 2346 2290; x_wconf 90' lang='lat' dir='ltr'><strong>so</strong></span> <span class='ocrx_word' id='word_1_377' title='bbox 2372 2233 2510 2289; x_wconf 89' lang='lat' dir='ltr'><strong>hier.</strong></span> <span class='ocrx_word' id='word_1_378' title='bbox 2529 2261 2596 2270; x_wconf 93' lang='lat'>—</span> <span class='ocrx_word' id='word_1_379' title='bbox 2620 2232 2673 2297; x_wconf 82' lang='lat'><strong>5)</strong></span> 
     </span>
     <span class='ocr_line' id='line_1_55' title="bbox 1604 2300 2674 2358; baseline -0.002 -2"><span class='ocrx_word' id='word_1_380' title='bbox 1604 2300 1701 2356; x_wconf 85' lang='lat' dir='ltr'><strong>Die</strong></span> <span class='ocrx_word' id='word_1_381' title='bbox 1725 2301 1912 2357; x_wconf 82' lang='lat' dir='ltr'><strong>media</strong></span> <span class='ocrx_word' id='word_1_382' title='bbox 1937 2308 2100 2358; x_wconf 80' lang='lat' dir='ltr'><strong>aetas</strong></span> <span class='ocrx_word' id='word_1_383' title='bbox 2133 2300 2332 2356; x_wconf 77' lang='lat' dir='ltr'><strong>warde</strong></span> <span class='ocrx_word' id='word_1_384' title='bbox 2364 2300 2487 2357; x_wconf 90' lang='lat' dir='ltr'><strong>hier</strong></span> <span class='ocrx_word' id='word_1_385' title='bbox 2531 2308 2674 2355; x_wconf 87' lang='lat' dir='ltr'><strong>etwa</strong></span> 
     </span>
     <span class='ocr_line' id='line_1_56' title="bbox 1606 2366 2672 2436; baseline 0.001 -14"><span class='ocrx_word' id='word_1_386' title='bbox 1606 2373 1655 2423; x_wconf 86' lang='lat'><strong>3.</strong></span> <span class='ocrx_word' id='word_1_387' title='bbox 1666 2385 1722 2425; x_wconf 92' lang='grc' dir='ltr'><strong>ιι.</strong></span> <span class='ocrx_word' id='word_1_388' title='bbox 1745 2373 1795 2423; x_wconf 82' lang='grc'><strong>4.</strong></span> <span class='ocrx_word' id='word_1_389' title='bbox 1822 2368 2339 2432; x_wconf 77' lang='lat' dir='ltr'><strong>zusammenfassen,</strong></span> <span class='ocrx_word' id='word_1_390' title='bbox 2362 2370 2436 2424; x_wconf 92' lang='lat' dir='ltr'><strong>im</strong></span> <span class='ocrx_word' id='word_1_391' title='bbox 2463 2366 2672 2436; x_wconf 84' lang='lat' dir='ltr'><strong>Gegen-</strong></span> 
     </span>
     <span class='ocr_line' id='line_1_57' title="bbox 1606 2435 2676 2493; baseline -0.002 0"><span class='ocrx_word' id='word_1_392' title='bbox 1606 2443 1722 2493; x_wconf 84' lang='lat' dir='ltr'><strong>satz</strong></span> <span class='ocrx_word' id='word_1_393' title='bbox 1748 2453 1848 2491; x_wconf 87' lang='lat' dir='ltr'><strong>zur</strong></span> <span class='ocrx_word' id='word_1_394' title='bbox 1870 2442 2158 2492; x_wconf 77' lang='lat' dir='ltr'><strong>extrema:</strong></span> <span class='ocrx_word' id='word_1_395' title='bbox 2208 2444 2354 2493; x_wconf 82' lang='lat' dir='ltr'><strong>etwa</strong></span> <span class='ocrx_word' id='word_1_396' title='bbox 2377 2435 2517 2492; x_wconf 78' lang='lat' dir='ltr'><strong>fiber</strong></span> <span class='ocrx_word' id='word_1_397' title='bbox 2540 2441 2607 2490; x_wconf 88' lang='lat'><strong>80</strong></span> <span class='ocrx_word' id='word_1_398' title='bbox 2627 2435 2676 2491; x_wconf 86' lang='lat' dir='ltr'><strong>J.</strong></span> 
     </span>
     <span class='ocr_line' id='line_1_58' title="bbox 1603 2503 2674 2572; baseline 0 -13"><span class='ocrx_word' id='word_1_399' title='bbox 1603 2504 1839 2560; x_wconf 85' lang='lat' dir='ltr'><strong>Beachte</strong></span> <span class='ocrx_word' id='word_1_400' title='bbox 1881 2503 1970 2560; x_wconf 87' lang='lat' dir='ltr'><strong>die</strong></span> <span class='ocrx_word' id='word_1_401' title='bbox 2010 2503 2238 2560; x_wconf 89' lang='lat' dir='ltr'><strong>betonte</strong></span> <span class='ocrx_word' id='word_1_402' title='bbox 2272 2504 2526 2572; x_wconf 81' lang='lat' dir='ltr'><strong>Stellung</strong></span> <span class='ocrx_word' id='word_1_403' title='bbox 2566 2519 2674 2559; x_wconf 89' lang='lat' dir='ltr'><strong>von</strong></span> 
     </span>
     <span class='ocr_line' id='line_1_59' title="bbox 1601 2571 2676 2695; baseline -0.002 -68"><span class='ocrx_word' id='word_1_404' title='bbox 1601 2572 1737 2695; x_wconf 63' lang='lat' dir='ltr'><strong>filus</strong></span> <span class='ocrx_word' id='word_1_405' title='bbox 1761 2601 1825 2610; x_wconf 88' lang='lat'><strong>-—</strong></span> <span class='ocrx_word' id='word_1_406' title='bbox 1850 2574 2057 2628; x_wconf 76' lang='lat' dir='ltr'><strong>minus.</strong></span> <span class='ocrx_word' id='word_1_407' title='bbox 2090 2600 2158 2609; x_wconf 91' lang='lat'><em>-</em></span> <span class='ocrx_word' id='word_1_408' title='bbox 2190 2587 2347 2639; x_wconf 78' lang='lat' dir='ltr'><strong>apex</strong></span> <span class='ocrx_word' id='word_1_409' title='bbox 2371 2600 2435 2610; x_wconf 93' lang='lat'><strong>—-</strong></span> <span class='ocrx_word' id='word_1_410' title='bbox 2471 2571 2676 2639; x_wconf 80' lang='lat' dir='ltr'><strong>spitze,</strong></span> 
     </span>
    </p>

    <p class='ocr_par' dir='ltr' id='par_1_9' title="bbox 1606 2638 2677 2923">
     <span class='ocr_line' id='line_1_60' title="bbox 1655 2638 2672 2706; baseline -0.001 -11"><span class='ocrx_word' id='word_1_411' title='bbox 1655 2648 1744 2702; x_wconf 92' lang='lat' dir='ltr'><strong>ut,</strong></span> <span class='ocrx_word' id='word_1_412' title='bbox 1793 2640 1972 2703; x_wconf 86' lang='lat' dir='ltr'><strong>Tiara,</strong></span> <span class='ocrx_word' id='word_1_413' title='bbox 2021 2641 2127 2695; x_wconf 86' lang='lat' dir='ltr'><strong>wir</strong></span> <span class='ocrx_word' id='word_1_414' title='bbox 2169 2654 2365 2706; x_wconf 84' lang='lat' dir='ltr'><strong>sagen:</strong></span> <span class='ocrx_word' id='word_1_415' title='bbox 2425 2638 2672 2703; x_wconf 87' lang='lat' dir='ltr'><strong>„Pointe,</strong></span> 
     </span>
     <span class='ocr_line' id='line_1_61' title="bbox 1606 2706 2677 2789; baseline 0 -27"><span class='ocrx_word' id='word_1_416' title='bbox 1606 2706 1827 2789; x_wconf 76' lang='lat' dir='ltr'><strong>Krone“</strong></span> <span class='ocrx_word' id='word_1_417' title='bbox 1854 2707 2017 2773; x_wconf 86' lang='lat' dir='ltr'><strong>(Hor.</strong></span> <span class='ocrx_word' id='word_1_418' title='bbox 2043 2706 2178 2764; x_wconf 91' lang='lat' dir='ltr'><strong>Odd.</strong></span> <span class='ocrx_word' id='word_1_419' title='bbox 2207 2711 2263 2773; x_wconf 91' lang='lat'><strong>1,</strong></span> <span class='ocrx_word' id='word_1_420' title='bbox 2291 2711 2382 2771; x_wconf 89' lang='lat'><strong>34,</strong></span> <span class='ocrx_word' id='word_1_421' title='bbox 2410 2709 2499 2762; x_wconf 88' lang='lat'><strong>14:</strong></span> <span class='ocrx_word' id='word_1_422' title='bbox 2520 2706 2677 2787; x_wconf 34' lang='lat' dir='ltr'><strong>‘hinc</strong></span> 
     </span>
     <span class='ocr_line' id='line_1_62' title="bbox 1610 2774 2677 2923; baseline 0.003 -24"><span class='ocrx_word' id='word_1_423' title='bbox 1610 2774 2677 2923; x_wconf 46' lang='lat' dir='ltr'><strong>ffessssuzzssfflssussssffl.{miazi}</strong></span> 
     </span>
    </p>

    <p class='ocr_par' dir='ltr' id='par_1_10' title="bbox 1601 2909 2678 4336">
     <span class='ocr_line' id='line_1_63' title="bbox 1674 2909 2673 2976; baseline 0.002 -13"><span class='ocrx_word' id='word_1_424' title='bbox 1674 2912 1724 2976; x_wconf 93' lang='lat'><strong>1)</strong></span> <span class='ocrx_word' id='word_1_425' title='bbox 1748 2909 1818 2966; x_wconf 89' lang='lat' dir='ltr'><strong>Es</strong></span> <span class='ocrx_word' id='word_1_426' title='bbox 1843 2909 2085 2973; x_wconf 83' lang='lat' dir='ltr'><strong>schelnt,</strong></span> <span class='ocrx_word' id='word_1_427' title='bbox 2123 2927 2153 2965; x_wconf 87' lang='lat' dir='ltr'><strong>a</strong></span> <span class='ocrx_word' id='word_1_428' title='bbox 2178 2927 2204 2967; x_wconf 90' lang='lat' dir='ltr'><strong>s</strong></span> <span class='ocrx_word' id='word_1_429' title='bbox 2231 2909 2303 2966; x_wconf 89' lang='lat' dir='ltr'><strong>ob</strong></span> <span class='ocrx_word' id='word_1_430' title='bbox 2328 2909 2435 2965; x_wconf 77' lang='lat' dir='ltr'><strong>Cic.</strong></span> <span class='ocrx_word' id='word_1_431' title='bbox 2463 2909 2552 2966; x_wconf 78' lang='lat' dir='ltr'><strong>dle</strong></span> <span class='ocrx_word' id='word_1_432' title='bbox 2574 2909 2673 2965; x_wconf 87' lang='lat' dir='ltr'><strong>Er·</strong></span> 
     </span>
     <span class='ocr_line' id='line_1_64' title="bbox 1603 2976 2675 3047; baseline -0.002 -13"><span class='ocrx_word' id='word_1_433' title='bbox 1603 2978 1874 3047; x_wconf 83' lang='lat' dir='ltr'><strong>blindung</strong></span> <span class='ocrx_word' id='word_1_434' title='bbox 1907 2977 2003 3034; x_wconf 89' lang='lat' dir='ltr'><strong>des</strong></span> <span class='ocrx_word' id='word_1_435' title='bbox 2037 2978 2184 3046; x_wconf 79' lang='lat' dir='ltr'><strong>App.</strong></span> <span class='ocrx_word' id='word_1_436' title='bbox 2222 2977 2495 3037; x_wconf 79' lang='lat' dir='ltr'><strong>Claudius</strong></span> <span class='ocrx_word' id='word_1_437' title='bbox 2530 2978 2593 3044; x_wconf 85' lang='lat' dir='ltr'><strong>(S.</strong></span> <span class='ocrx_word' id='word_1_438' title='bbox 2620 2976 2675 3032; x_wconf 89' lang='lat' dir='ltr'><strong>d.</strong></span> 
     </span>
     <span class='ocr_line' id='line_1_65' title="bbox 1603 3044 2669 3115; baseline -0.002 -13"><span class='ocrx_word' id='word_1_439' title='bbox 1603 3046 1738 3115; x_wconf 85' lang='lat' dir='ltr'><strong>folg.</strong></span> <span class='ocrx_word' id='word_1_440' title='bbox 1751 3046 1850 3111; x_wconf 87' lang='lat' dir='ltr'><strong>St.)</strong></span> <span class='ocrx_word' id='word_1_441' title='bbox 1877 3063 1947 3102; x_wconf 87' lang='lat' dir='ltr'><strong>zu</strong></span> <span class='ocrx_word' id='word_1_442' title='bbox 1971 3045 2103 3102; x_wconf 66' lang='lat' dir='ltr'><strong>frah</strong></span> <span class='ocrx_word' id='word_1_443' title='bbox 2127 3053 2357 3109; x_wconf 81' lang='lat' dir='ltr'><strong>ansetzt,</strong></span> <span class='ocrx_word' id='word_1_444' title='bbox 2383 3062 2477 3101; x_wconf 92' lang='lat' dir='ltr'><strong>um</strong></span> <span class='ocrx_word' id='word_1_445' title='bbox 2502 3044 2669 3100; x_wconf 89' lang='lat' dir='ltr'><strong>damit</strong></span> 
     </span>
     <span class='ocr_line' id='line_1_66' title="bbox 1604 3112 2673 3173; baseline -0.002 -3"><span class='ocrx_word' id='word_1_446' title='bbox 1604 3115 1793 3171; x_wconf 89' lang='lat' dir='ltr'><strong>seinen</strong></span> <span class='ocrx_word' id='word_1_447' title='bbox 1852 3114 2137 3173; x_wconf 86' lang='lat' dir='ltr'><strong>stoischen</strong></span> <span class='ocrx_word' id='word_1_448' title='bbox 2185 3112 2309 3169; x_wconf 87' lang='lat' dir='ltr'><strong>Satz</strong></span> <span class='ocrx_word' id='word_1_449' title='bbox 2367 3131 2435 3169; x_wconf 88' lang='lat' dir='ltr'><strong>zu</strong></span> <span class='ocrx_word' id='word_1_450' title='bbox 2482 3121 2673 3169; x_wconf 90' lang='lat' dir='ltr'><strong>unter-</strong></span> 
     </span>
     <span class='ocr_line' id='line_1_67' title="bbox 1604 3180 2673 3251; baseline -0.003 -13"><span class='ocrx_word' id='word_1_451' title='bbox 1604 3187 1847 3246; x_wconf 82' lang='lat' dir='ltr'><strong>stiitzen;</strong></span> <span class='ocrx_word' id='word_1_452' title='bbox 1880 3181 2177 3251; x_wconf 85' lang='lat' dir='ltr'><strong>jedenfalls</strong></span> <span class='ocrx_word' id='word_1_453' title='bbox 2222 3180 2346 3239; x_wconf 87' lang='lat' dir='ltr'><strong>sind</strong></span> <span class='ocrx_word' id='word_1_454' title='bbox 2378 3180 2530 3237; x_wconf 68' lang='lat' dir='ltr'><strong>Falle</strong></span> <span class='ocrx_word' id='word_1_455' title='bbox 2562 3181 2673 3236; x_wconf 87' lang='lat' dir='ltr'><strong>wie</strong></span> 
     </span>
     <span class='ocr_line' id='line_1_68' title="bbox 1603 3249 2678 3318; baseline 0.001 -15"><span class='ocrx_word' id='word_1_456' title='bbox 1603 3249 1692 3306; x_wconf 88' lang='lat' dir='ltr'><strong>die</strong></span> <span class='ocrx_word' id='word_1_457' title='bbox 1740 3249 1943 3318; x_wconf 84' lang='lat' dir='ltr'><strong>obigen</strong></span> <span class='ocrx_word' id='word_1_458' title='bbox 1990 3266 2097 3306; x_wconf 89' lang='lat' dir='ltr'><strong>nur</strong></span> <span class='ocrx_word' id='word_1_459' title='bbox 2153 3249 2486 3305; x_wconf 87' lang='lat' dir='ltr'><strong>vereinzelte</strong></span> <span class='ocrx_word' id='word_1_460' title='bbox 2533 3249 2678 3304; x_wconf 87' lang='lat' dir='ltr'><strong>Aus-</strong></span> 
     </span>
     <span class='ocr_line' id='line_1_69' title="bbox 1605 3315 2673 3385; baseline -0.002 -11"><span class='ocrx_word' id='word_1_461' title='bbox 1605 3319 1840 3374; x_wconf 85' lang='lat' dir='ltr'><strong>nahmen</strong></span> <span class='ocrx_word' id='word_1_462' title='bbox 1884 3336 1938 3374; x_wconf 89' lang='lat' dir='ltr'><strong>u.</strong></span> <span class='ocrx_word' id='word_1_463' title='bbox 1970 3317 2190 3373; x_wconf 68' lang='lat' dir='ltr'><strong>konnen</strong></span> <span class='ocrx_word' id='word_1_464' title='bbox 2226 3315 2320 3372; x_wconf 77' lang='lat' dir='ltr'><strong>fur</strong></span> <span class='ocrx_word' id='word_1_465' title='bbox 2352 3316 2442 3373; x_wconf 89' lang='lat' dir='ltr'><strong>die</strong></span> <span class='ocrx_word' id='word_1_466' title='bbox 2476 3332 2673 3385; x_wconf 86' lang='lat' dir='ltr'><strong>grosse</strong></span> 
     </span>
     <span class='ocr_line' id='line_1_70' title="bbox 1604 3384 2668 3442; baseline 0 -2"><span class='ocrx_word' id='word_1_467' title='bbox 1604 3384 1875 3442; x_wconf 84' lang='lat' dir='ltr'><strong>Mehrheit</strong></span> <span class='ocrx_word' id='word_1_468' title='bbox 1897 3385 2087 3442; x_wconf 89' lang='lat' dir='ltr'><strong>Nichts</strong></span> <span class='ocrx_word' id='word_1_469' title='bbox 2120 3384 2418 3440; x_wconf 86' lang='lat' dir='ltr'><strong>beweisen.</strong></span> <span class='ocrx_word' id='word_1_470' title='bbox 2460 3413 2528 3423; x_wconf 89' lang='lat'>—</span> <span class='ocrx_word' id='word_1_471' title='bbox 2574 3386 2668 3440; x_wconf 81' lang='lat' dir='ltr'><strong>de-</strong></span> 
     </span>
     <span class='ocr_line' id='line_1_71' title="bbox 1605 3451 2675 3516; baseline 0 -8"><span class='ocrx_word' id='word_1_472' title='bbox 1605 3468 1734 3509; x_wconf 79' lang='lat' dir='ltr'><strong>esse</strong></span> <span class='ocrx_word' id='word_1_473' title='bbox 1758 3469 1804 3508; x_wconf 89' lang='lat' dir='ltr'><strong>c.</strong></span> <span class='ocrx_word' id='word_1_474' title='bbox 1828 3453 1943 3509; x_wconf 86' lang='lat' dir='ltr'><strong>Dat.</strong></span> <span class='ocrx_word' id='word_1_475' title='bbox 1977 3453 2133 3516; x_wconf 89' lang='lat' dir='ltr'><strong>„sich</strong></span> <span class='ocrx_word' id='word_1_476' title='bbox 2156 3454 2346 3511; x_wconf 88' lang='lat' dir='ltr'><strong>seinen</strong></span> <span class='ocrx_word' id='word_1_477' title='bbox 2381 3478 2451 3489; x_wconf 93' lang='lat'><strong>—·</strong></span> <span class='ocrx_word' id='word_1_478' title='bbox 2471 3451 2675 3508; x_wconf 87' lang='lat' dir='ltr'><strong>Pssich·</strong></span> 
     </span>
     <span class='ocr_line' id='line_1_72' title="bbox 1605 3521 2658 3588; baseline -0.003 -11"><span class='ocrx_word' id='word_1_479' title='bbox 1605 3528 1700 3577; x_wconf 87' lang='lat' dir='ltr'><strong>ten</strong></span> <span class='ocrx_word' id='word_1_480' title='bbox 1727 3521 2068 3583; x_wconf 86' lang='lat' dir='ltr'><strong>entziehen“,</strong></span> <span class='ocrx_word' id='word_1_481' title='bbox 2102 3538 2167 3576; x_wconf 88' lang='lat' dir='ltr'><strong>so</strong></span> <span class='ocrx_word' id='word_1_482' title='bbox 2194 3521 2375 3588; x_wconf 85' lang='lat' dir='ltr'><strong>gleich</strong></span> <span class='ocrx_word' id='word_1_483' title='bbox 2399 3521 2658 3576; x_wconf 82' lang='lat' dir='ltr'><strong>nachher:</strong></span> 
     </span>
     <span class='ocr_line' id='line_1_73' title="bbox 1605 3587 2673 3654; baseline -0.001 -10"><span class='ocrx_word' id='word_1_484' title='bbox 1605 3589 1809 3644; x_wconf 82' lang='lat' dir='ltr'><strong>deerat</strong></span> <span class='ocrx_word' id='word_1_485' title='bbox 1831 3589 2123 3644; x_wconf 79' lang='lat' dir='ltr'><strong>amicis.—</strong></span> <span class='ocrx_word' id='word_1_486' title='bbox 2147 3590 2199 3654; x_wconf 90' lang='grc'><strong>2)</strong></span> <span class='ocrx_word' id='word_1_487' title='bbox 2224 3588 2285 3645; x_wconf 78' lang='lat'><strong>0.</strong></span> <span class='ocrx_word' id='word_1_488' title='bbox 2295 3589 2493 3644; x_wconf 76' lang='lat' dir='ltr'><strong>Livius</strong></span> <span class='ocrx_word' id='word_1_489' title='bbox 2512 3587 2673 3643; x_wconf 82' lang='lat' dir='ltr'><strong>Dru·</strong></span> 
     </span>
     <span class='ocr_line' id='line_1_74' title="bbox 1602 3652 2678 3724; baseline -0.002 -11"><span class='ocrx_word' id='word_1_490' title='bbox 1602 3671 1735 3721; x_wconf 76' lang='lat' dir='ltr'><strong>sus,</strong></span> <span class='ocrx_word' id='word_1_491' title='bbox 1777 3652 2289 3724; x_wconf 86' lang='lat' dir='ltr'><strong>Rechtsgelehrter,</strong></span> <span class='ocrx_word' id='word_1_492' title='bbox 2330 3655 2544 3712; x_wconf 88' lang='lat' dir='ltr'><strong>Bruder</strong></span> <span class='ocrx_word' id='word_1_493' title='bbox 2574 3655 2678 3711; x_wconf 86' lang='lat' dir='ltr'><strong>des</strong></span> 
     </span>
     <span class='ocr_line' id='line_1_75' title="bbox 1606 3723 2673 3788; baseline -0.002 -8"><span class='ocrx_word' id='word_1_494' title='bbox 1606 3723 1885 3780; x_wconf 83' lang='lat' dir='ltr'><strong>Tribunen</strong></span> <span class='ocrx_word' id='word_1_495' title='bbox 1907 3724 1974 3781; x_wconf 88' lang='grc' dir='ltr'><strong>Μ.</strong></span> <span class='ocrx_word' id='word_1_496' title='bbox 1996 3725 2223 3788; x_wconf 85' lang='lat' dir='ltr'><strong>Drusus,</strong></span> <span class='ocrx_word' id='word_1_497' title='bbox 2249 3723 2348 3781; x_wconf 88' lang='lat' dir='ltr'><strong>der</strong></span> <span class='ocrx_word' id='word_1_498' title='bbox 2372 3724 2478 3780; x_wconf 89' lang='lat' dir='ltr'><strong>den</strong></span> <span class='ocrx_word' id='word_1_499' title='bbox 2509 3723 2673 3779; x_wconf 88' lang='lat' dir='ltr'><strong>Sturz</strong></span> 
     </span>
     <span class='ocr_line' id='line_1_76' title="bbox 1605 3790 2676 3859; baseline -0.002 -11"><span class='ocrx_word' id='word_1_500' title='bbox 1605 3791 1701 3848; x_wconf 91' lang='lat' dir='ltr'><strong>des</strong></span> <span class='ocrx_word' id='word_1_501' title='bbox 1724 3792 1777 3848; x_wconf 89' lang='lat' dir='ltr'><strong>C.</strong></span> <span class='ocrx_word' id='word_1_502' title='bbox 1792 3791 2069 3849; x_wconf 84' lang='lat' dir='ltr'><strong>Gracchus</strong></span> <span class='ocrx_word' id='word_1_503' title='bbox 2094 3790 2477 3849; x_wconf 72' lang='lat' dir='ltr'><strong>herbeifuihrte</strong></span> <span class='ocrx_word' id='word_1_504' title='bbox 2501 3790 2676 3859; x_wconf 87' lang='lat' dir='ltr'><strong>[Brut.</strong></span> 
     </span>
     <span class='ocr_line' id='line_1_77' title="bbox 1604 3860 2669 3924; baseline 0.001 -12"><span class='ocrx_word' id='word_1_505' title='bbox 1604 3864 1687 3923; x_wconf 89' lang='grc'><strong>28,</strong></span> <span class='ocrx_word' id='word_1_506' title='bbox 1703 3865 1838 3922; x_wconf 84' lang='grc'><strong>109].</strong></span> <span class='ocrx_word' id='word_1_507' title='bbox 1860 3888 1926 3911; x_wconf 64' lang='grc'><strong>-,-</strong></span> <span class='ocrx_word' id='word_1_508' title='bbox 1946 3861 2304 3917; x_wconf 75' lang='lat' dir='ltr'><strong>consultores</strong></span> <span class='ocrx_word' id='word_1_509' title='bbox 2328 3860 2669 3924; x_wconf 87' lang='lat' dir='ltr'><strong>,‚Clienten“,</strong></span> 
     </span>
     <span class='ocr_line' id='line_1_78' title="bbox 1601 3926 2672 3985; baseline -0.002 -1"><span class='ocrx_word' id='word_1_510' title='bbox 1601 3928 1691 3984; x_wconf 91' lang='lat' dir='ltr'><strong>die</strong></span> <span class='ocrx_word' id='word_1_511' title='bbox 1732 3928 1838 3984; x_wconf 89' lang='lat' dir='ltr'><strong>den</strong></span> <span class='ocrx_word' id='word_1_512' title='bbox 1878 3931 2027 3985; x_wconf 80' lang='lat' dir='ltr'><strong>iuris</strong></span> <span class='ocrx_word' id='word_1_513' title='bbox 2067 3928 2362 3985; x_wconf 75' lang='lat' dir='ltr'><strong>consultus</strong></span> <span class='ocrx_word' id='word_1_514' title='bbox 2404 3945 2499 3985; x_wconf 89' lang='lat' dir='ltr'><strong>um</strong></span> <span class='ocrx_word' id='word_1_515' title='bbox 2531 3926 2672 3983; x_wconf 86' lang='lat' dir='ltr'><strong>Rath</strong></span> 
     </span>
     <span class='ocr_line' id='line_1_79' title="bbox 1602 3994 2677 4120; baseline 0.001 -68"><span class='ocrx_word' id='word_1_516' title='bbox 1602 3994 1837 4065; x_wconf 78' lang='lat' dir='ltr'><strong>fragten.</strong></span> <span class='ocrx_word' id='word_1_517' title='bbox 1884 4025 1951 4034; x_wconf 95' lang='lat'>—</span> <span class='ocrx_word' id='word_1_518' title='bbox 1996 3997 2049 4062; x_wconf 84' lang='lat'><strong>3)</strong></span> <span class='ocrx_word' id='word_1_519' title='bbox 2084 4013 2212 4053; x_wconf 86' lang='lat' dir='ltr'><strong>cum</strong></span> <span class='ocrx_word' id='word_1_520' title='bbox 2246 4013 2361 4120; x_wconf 46' lang='lat' dir='ltr'><strong>se?</strong></span> <span class='ocrx_word' id='word_1_521' title='bbox 2396 3995 2511 4050; x_wconf 89' lang='lat' dir='ltr'><strong>Ind.</strong></span> <span class='ocrx_word' id='word_1_522' title='bbox 2552 3995 2677 4058; x_wconf 84' lang='lat' dir='ltr'><strong>„in-</strong></span> 
     </span>
     <span class='ocr_line' id='line_1_80' title="bbox 1602 4060 2667 4135; baseline 0 -16"><span class='ocrx_word' id='word_1_523' title='bbox 1602 4062 1789 4129; x_wconf 87' lang='lat' dir='ltr'><strong>dem“;</strong></span> <span class='ocrx_word' id='word_1_524' title='bbox 1833 4066 1908 4121; x_wconf 89' lang='lat' dir='ltr'><strong>im</strong></span> <span class='ocrx_word' id='word_1_525' title='bbox 1941 4065 2276 4135; x_wconf 84' lang='lat' dir='ltr'><strong>Hauptsatze</strong></span> <span class='ocrx_word' id='word_1_526' title='bbox 2334 4063 2456 4132; x_wconf 83' lang='lat' dir='ltr'><strong>olgt</strong></span> <span class='ocrx_word' id='word_1_527' title='bbox 2490 4060 2667 4119; x_wconf 82' lang='lat' dir='ltr'><strong>ebenf.</strong></span> 
     </span>
     <span class='ocr_line' id='line_1_81' title="bbox 1602 4131 2678 4202; baseline -0.003 -14"><span class='ocrx_word' id='word_1_528' title='bbox 1602 4131 1653 4189; x_wconf 91' lang='lat' dir='ltr'><strong>d.</strong></span> <span class='ocrx_word' id='word_1_529' title='bbox 1678 4132 1834 4202; x_wconf 82' lang='lat' dir='ltr'><strong>lmpf.</strong></span> <span class='ocrx_word' id='word_1_530' title='bbox 1881 4136 1950 4190; x_wconf 88' lang='lat' dir='ltr'><strong>K.</strong></span> <span class='ocrx_word' id='word_1_531' title='bbox 1975 4133 2029 4199; x_wconf 81' lang='lat' dir='ltr'><strong>S.</strong></span> <span class='ocrx_word' id='word_1_532' title='bbox 2068 4137 2191 4196; x_wconf 86' lang='grc'><strong>149,</strong></span> <span class='ocrx_word' id='word_1_533' title='bbox 2216 4138 2265 4187; x_wconf 78' lang='grc'><strong>3.</strong></span> <span class='ocrx_word' id='word_1_534' title='bbox 2312 4160 2380 4170; x_wconf 92' lang='grc'><strong>--</strong></span> <span class='ocrx_word' id='word_1_535' title='bbox 2428 4147 2678 4199; x_wconf 80' lang='lat' dir='ltr'><strong>quorum-</strong></span> 
     </span>
     <span class='ocr_line' id='line_1_82' title="bbox 1601 4198 2673 4267; baseline -0.003 -11"><span class='ocrx_word' id='word_1_536' title='bbox 1601 4216 1700 4257; x_wconf 86' lang='lat' dir='ltr'><strong>res</strong></span> <span class='ocrx_word' id='word_1_537' title='bbox 1724 4207 1902 4267; x_wconf 81' lang='lat' dir='ltr'><strong>esset,</strong></span> <span class='ocrx_word' id='word_1_538' title='bbox 1951 4229 2018 4238; x_wconf 93' lang='lat'><strong>—-</strong></span> <span class='ocrx_word' id='word_1_539' title='bbox 2067 4199 2324 4264; x_wconf 86' lang='lat' dir='ltr'><strong>„welche</strong></span> <span class='ocrx_word' id='word_1_540' title='bbox 2361 4199 2450 4254; x_wconf 88' lang='lat' dir='ltr'><strong>die</strong></span> <span class='ocrx_word' id='word_1_541' title='bbox 2494 4198 2673 4254; x_wconf 87' lang='lat' dir='ltr'><strong>Sache</strong></span> 
     </span>
     <span class='ocr_line' id='line_1_83' title="bbox 1602 4266 2669 4336; baseline -0.004 -11"><span class='ocrx_word' id='word_1_542' title='bbox 1602 4268 1745 4325; x_wconf 85' lang='lat' dir='ltr'><strong>doch</strong></span> <span class='ocrx_word' id='word_1_543' title='bbox 1770 4270 1991 4336; x_wconf 79' lang='lat' dir='ltr'><strong>anging,</strong></span> <span class='ocrx_word' id='word_1_544' title='bbox 2017 4284 2109 4323; x_wconf 89' lang='lat' dir='ltr'><strong>um</strong></span> <span class='ocrx_word' id='word_1_545' title='bbox 2136 4266 2304 4323; x_wconf 89' lang='lat' dir='ltr'><strong>deren</strong></span> <span class='ocrx_word' id='word_1_546' title='bbox 2321 4267 2669 4334; x_wconf 82' lang='lat' dir='ltr'><strong>Angelegen-</strong></span> 
     </span>
    </p>
   </div>
   <div class='ocr_carea' id='block_1_8' title="bbox 2946 4327 2950 4829">
    <p class='ocr_par' dir='ltr' id='par_1_11' title="bbox 2946 4327 2950 4829">
     <span class='ocr_line' id='line_1_84' title="bbox 2946 4327 2950 4829; baseline 0 0"><span class='ocrx_word' id='word_1_547' title='bbox 2946 4327 2950 4829; x_wconf 95' lang='lat' dir='ltr'><strong> </strong></span> 
     </span>
    </p>
   </div>
  </div>
 </body>
</html>
