2975 4842
1321 236 1787 301 -150-

692 524 780 590 B.
870 521 1142 607 Gott,
1201 520 1964 605 Gottesdienst,
2030 519 2423 588 Orokel.

1033 705 1175 759 184.
1265 703 1432 759 Gott
1473 702 1621 757 und
1663 700 2093 768 vorsehung.

611 833 682 913 (d.
713 846 825 893 nat,
855 836 1006 894 deor.
1037 834 1098 900 11,
1132 835 1193 907 2,
1224 835 1281 894 4.
1313 834 1377 905 11,
1395 834 1499 908 38,
1526 830 1646 910 97.)
1677 865 1764 875 —
1792 827 1944 901 Quid
1973 836 2172 911 potest
2198 847 2331 892 esse
2358 838 2480 892 tam
2511 848 2693 912 aper-

441 925 566 978 tum
622 924 862 997 tamque
910 918 1327 997 perspicuum,
1383 934 1522 979 cum
1574 914 1804 976 caelum
1857 917 2234 995 suspeximus
2288 913 2689 997 caelestiaque

439 999 820 1079 contemplati
871 1019 1103 1072 sumne,
1166 1017 1340 1082 quam
1397 1019 1527 1062 esse
1579 998 1817 1080 aliquod
1869 1018 2089 1063 numen
2146 1001 2693 1081 praestantissimae

438 1088 654 1147 mentis
684 1105 802 1167 quo
831 1086 981 1149 haec
1009 1085 1389 1165 regantur¹)?
1420 1083 1590 1157 Quod
1622 1084 1996 1164 quidubi÷·1t,
2029 1085 2185 1148 haud
2212 1104 2355 1147 sane
2384 1084 2687 1165 intellego,

438 1188 547 1232 cur
590 1188 709 1232 non
751 1170 938 1242 idem,
982 1168 1072 1233 sol
1111 1171 1188 1231 sit
1228 1189 1304 1232 an
1334 1170 1533 1232 nullus
1563 1170 1665 1241 sit,
1713 1169 1893 1231 dubit.
1917 1190 1984 1231 re
2025 1166 2289 1252 possit2).
2330 1166 2523 1243 'Quod
2572 1172 2693 1232 nisi

438 1257 736 1334 cognitum
781 1256 1396 1337 comprehensumque
1436 1256 1650 1318 animis
1692 1253 2075 1326 haberemuS‚
2120 1273 2242 1316 non
2294 1263 2414 1318 tam
2457 1255 2692 1318 stabilis

438 1341 638 1420 opinio
680 1337 1138 1420 permaneret3),
1173 1357 1284 1401 nec
1315 1341 1768 1401 confirmaretur
1799 1340 2186 1403 diuturnitate
2219 1342 2537 1419 temporis,
2570 1359 2690 1403 nec

437 1443 554 1485 una
594 1443 734 1485 cum
775 1423 1024 1485 saeculis
1067 1425 1469 1503 aetatibusque
1526 1425 1835 1485 hominum
1886 1425 2207 1486 inveterari
2249 1427 2555 1504 potuisset.
2601 1461 2694 1475 —-

438 1506 583 1580 Quis
615 1508 777 1570 hunc
805 1508 1109 1571 hominem
1140 1509 1386 1579 dixerit,
1430 1511 1534 1590 qui
1568 1527 1703 1571 cum
1734 1519 1853 1571 tam
1886 1518 2084 1572 certos
2125 1509 2273 1571 caeli
2304 1519 2526 1582 motus,
2562 1518 2685 1572 tam

435 1601 599 1654 ratos
643 1601 940 1655 astrorum
983 1594 1227 1655 ordines
1264 1602 1506 1673 tamque
1558 1596 1713 1656 inter
1764 1613 1829 1655 se
1869 1596 2068 1656 omnia
2122 1612 2388 1656 connexa
2440 1602 2500 1655 et
2549 1604 2689 1676 apta

435 1677 677 1748 viderit,
723 1686 902 1756 neget
943 1679 1005 1739 in
1047 1678 1138 1740 his
1168 1678 1344 1740 ullam
1393 1681 1588 1740 inesse
1629 1679 1921 1740 rationem
1955 1698 2143 1759 eaque
2174 1697 2313 1741 casu
2343 1679 2473 1740 fieri
2504 1680 2680 1751 dicat,

436 1781 591 1843 quae
632 1771 851 1842 quanto
895 1762 1140 1825 consilio
1183 1771 1467 1842 gerantur
1508 1762 1670 1824 nullo
1711 1763 1957 1824 consilio
1988 1765 2231 1843 adsequi
2265 1782 2581 1844 possumus
2596 1762 2682 1843 ⁴)?

434 1852 522 1909 An
556 1866 689 1909 cum
714 1849 1148 1910 machinatione
1167 1849 1420 1927 quadam
1447 1850 1673 1910 moveri
1695 1847 1914 1927 aliquid
1939 1850 2226 1918 videmus,
2254 1855 2320 1910 ut
2344 1848 2681 1929 sphaeram,

435 1941 502 1993 ut
539 1931 809 2012 horas5),
854 1941 920 1995 ut
962 1933 1072 1994 alia
1115 1933 1442 2014 permulta,
1491 1951 1612 1994 non
1663 1932 1999 1996 dubitamus
2040 1935 2182 2015 quin
2223 1932 2319 1995 illa
2351 1952 2534 2013 opera
2562 1936 2685 1995 sint

435 2019 712 2079 rationis:
761 2036 895 2080 cum
950 2026 1143 2080 autem
1175 2020 1465 2097 impetum
1498 2018 1646 2079 caeli
1688 2017 2019 2079 admirabili
2049 2037 2186 2080 cum
2217 2016 2681 2087 celeritatemo·

434 2104 562 2163 veri
603 2105 867 2182 vertique
910 2104 1209 2166 videamus
1261 2105 1736 2165 constantissime
1787 2104 2198 2165 conficientem
2251 2103 2681 2166 vicissitudines

436 2187 875 2249 anniversarias
904 2207 1038 2249 cum
1067 2208 1297 2250 summa
1329 2188 1522 2250 salute
1552 2195 1611 2249 et
1632 2189 2079 2250 conservatione
2097 2207 2301 2249 rerum
2327 2190 2591 2250 omnium
2608 2186 2682 2267 ⁶),

437 2271 781 2334 dubitamus
811 2275 952 2351 quin
985 2292 1053 2334 ea
1096 2292 1215 2335 non
1259 2273 1452 2336 solum
1493 2273 1723 2334 ratione
1764 2274 1934 2342 flant,
1988 2272 2091 2335 sed
2144 2276 2321 2335 etiam
2369 2273 2683 2336 excellenti

441 2357 599 2418 divin
612 2375 763 2436 aque
793 2360 1057 2419 ratione?

1615 2544 1800 2597 term-i
1822 2571 1887 2580 —
1911 2541 2103 2605 selten,
2127 2542 2250 2610 dag·
2268 2542 2466 2599 mehrf.
2485 2542 2671 2601 Partic

1614 2613 1968 2666 inveteratus
1977 2633 1999 2672 ‚·
2022 2608 2272 2678 haufiger
2296 2610 2384 2666 die
2407 2610 2571 2667 Form
2595 2614 2688 2667 in-

1617 2683 1994 2735 veterascere.
2016 2706 2086 2716 —
2107 2678 2162 2742 4)
2239 2680 2331 2735 uis
2354 2707 2422 2717 —
2445 2679 2685 2744 dixerit,

1615 2748 1715 2814 qui
1730 2773 1795 2783 —
1813 2747 1967 2802 dicat
1982 2775 2049 2783 —
2068 2748 2204 2802 nach
2232 2747 2414 2815 assige
2435 2746 2524 2803 od.
2543 2748 2689 2804 doch

435 2542 620 2599 concl.
654 2567 722 2579 —-
753 2543 855 2605 „in
883 2543 1043 2610 jeder
1074 2543 1389 2610 Beziehung
1416 2541 1512 2597 be-

436 2609 682 2677 rechtigt
749 2610 837 2664 die
908 2608 1176 2666 Vernunlt
1252 2626 1320 2665 zu
1388 2609 1511 2665 dem

438 2676 771 2740 Schlusse“;
799 2681 988 2733 omnia
1006 2680 1067 2732 in
1091 2677 1199 2733 hoc
1217 2679 1426 2733 mundo
1445 2705 1514 2715 —

436 2743 653 2800 vollere
678 2761 733 2800 u.
759 2746 897 2801 nach
922 2745 1027 2801 den
1047 2745 1367 2814 gegebenen
1385 2745 1512 2801 Ein-

437 2811 808 2869 zelbeweisen
856 2811 1184 2870 treffendere
1219 2813 1515 2881 Wendung

437 2880 476 2937 f.
501 2880 658 2937 hunc
683 2881 969 2938 mundum.

517 2950 564 3014 1)
588 2950 888 3016 suspicere
899 2976 966 2987 ·-
977 2948 1283 3006 ausserlieh
1295 2967 1350 3007 u.
1362 2950 1514 3005 sinn·

435 3016 574 3081 lieh3
615 3018 992 3085 contemplari
1011 3045 1079 3055 —
1102 3018 1202 3074 mit
1226 3019 1394 3074 daran
1419 3033 1514 3085 ge·

435 3085 550 3143 knss
598 3084 707 3141 ster
777 3085 1042 3152 geistiger
1109 3086 1511 3153 Betrachtung;

436 3153 542 3209 Per
569 3195 582 3208 .
624 3168 716 3209 um
751 3152 846 3208 das
883 3159 1102 3221 spatere
1131 3154 1287 3210 mehr
1311 3154 1392 3211 als
1415 3153 1514 3209 Er-

437 3220 663 3288 gebniss
691 3220 1075 3276 hervortreten
1112 3239 1180 3277 zu
1217 3222 1412 3277 lassen.
1448 3250 1514 3258 —

437 3289 583 3343 haec
616 3287 652 3341 i.
678 3303 725 3341 e.
751 3287 839 3342 die
872 3288 1147 3344 sichtbare
1171 3288 1514 3358 schopfung.

443 3372 498 3410 n.
526 3354 577 3406 d.
617 3358 662 3418 1,
688 3357 747 3406 9:
783 3356 864 3409 An
889 3355 1058 3420 haec,
1094 3363 1156 3410 ut
1183 3355 1298 3412 iere
1322 3357 1522 3421 dicitis,

436 3420 670 3479 hominu
690 3438 742 3477 m
789 3439 954 3478 causa
998 3439 1030 3478 a
1078 3423 1184 3479 deo
1224 3424 1528 3480 constituta

438 3491 607 3547 sunt?
644 3519 711 3528 ——
751 3492 802 3556 2)
829 3488 1021 3547 Aehnl.
1047 3491 1365 3559 Wendung,
1389 3491 1523 3548 aher

437 3559 539 3614 mit
577 3558 630 3614 d.
666 3558 829 3614 Indic.
866 3574 916 3615 n.
951 3558 1002 3613 d.
1037 3564 1093 3620 2,
1131 3563 1223 3614 37:
1272 3558 1388 3615 Hoc
1420 3561 1521 3628 qui

440 3626 717 3682 existimat
753 3627 868 3682 lieri
943 3628 1179 3692 otuisse,
1217 3643 1331 3683 non
1355 3628 1521 3683 intel-

439 3693 563 3762 leyo
590 3710 698 3750 cur
722 3710 836 3749 non
861 3697 882 3749 i
922 3711 1008 3751 em
1029 3702 1190 3763 putet
1210 3711 1375 3764 posse
1401 3712 1516 3765 seq.

437 3790 505 3800 —
553 3762 614 3826 3)
649 3778 808 3829 coqu.
850 3764 1246 3831 compr-eaque
1289 3792 1352 3802 -
1409 3763 1515 3819 ka—

438 3830 575 3887 bere
610 3858 678 3868 —
702 3831 856 3886 nicht
881 3831 1030 3887 bloss
1056 3830 1514 3899 Umschreihung‚

437 3897 580 3955 sond
614 3898 900 3953 Ausdruck
925 3900 1025 3954 der
1048 3898 1516 3955 dauerndenWir-

437 3964 606 4033 kung.
629 3965 725 4021 des
747 3965 1108 4021 erworbenen
1123 3966 1378 4030 BesitzeS,
1395 3967 1513 4032 Rs

437 4037 556 4096 244,
574 4039 664 4089 30.
700 4032 778 4087 M.
802 4033 839 4098 S
864 4037 980 4089 830.
1015 4033 1083 4090 Ε.
1109 4032 1167 4089 S.
1192 4034 1229 4099 S
1254 4037 1370 4095 316,
1391 4035 1513 4091 A.2.

438 4100 514 4157 K.
540 4101 577 4167 8
606 4105 718 4164 132,
737 4105 796 4155 6:
830 4100 1222 4182 ,‚·Erkenntniss
1244 4119 1295 4157 ιι.
1317 4101 1516 4158 Ueber·

441 4184 700 4236 zeugung
725 4171 1069 4236 gewtnnen“.
1120 4197 1187 4208 —
1234 4171 1424 4237 opinio
1446 4196 1515 4208 -

446 4235 880 4303 „Vorstellung“
906 4254 973 4292 zu
998 4237 1075 4295 St.
1098 4241 1144 4301 1,
1166 4240 1245 4292 14.
1271 4265 1339 4274 —
1361 4239 1516 4293 inve-

1617 2813 1829 2870 minder
1839 2814 2117 2882 gewahlte
2130 2814 2550 2881 Schreibweise,
2561 2832 2685 2871 ver-

1616 2881 1781 2938 deckt
1825 2883 2000 2939 durch
2047 2882 2564 2950 Zwischenglieder.
2621 2912 2690 2921 —

1616 2956 1829 3018 quanto
1872 2951 2109 3007 consilio
2141 2979 2199 2988 —-
2242 2951 2397 3007 nullo
2430 2966 2587 3008 cons.
2622 2978 2687 2988 —

1617 3018 2033 3075 antithetisches
2101 3019 2291 3074 Worts
2333 3016 2434 3074 iel:
2506 3061 2539 3081 .,
2559 3017 2686 3074 Ein-

1618 3087 1777 3149 sicht,
1798 3085 2233 3153 Ueberlegung“.
2255 3092 2284 3141 a
2327 3084 2551 3142 nl.Phil.
2566 3090 2611 3149 7,
2627 3090 2685 3140 ⁷:

1617 3162 1783 3222 turpe
1809 3161 1892 3209 est
1910 3169 2124 3210 summo
2144 3154 2382 3210 consilio
2403 3152 2553 3210 orbis
2573 3161 2687 3209 ter-

1616 3237 1711 3277 rae
1734 3223 2033 3277 consilium
2056 3220 2304 3289 intellegi
2333 3221 2593 3277 defuisse.
2620 3249 2688 3260 —

1617 3291 1858 3357 adsequi
1873 3289 2170 3352 „errassem
2190 3288 2529 3357 hegreifen“‚
2552 3290 2689 3344 hau·

1627 3355 1702 3424 fig
1723 3357 1825 3413 mit
1856 3356 2074 3413 Zusatz:
2108 3356 2305 3420 animo.
2333 3356 2686 3426 cogitatione,

1625 3426 1958 3488 coniectura,
1978 3425 2294 3494 suspicione
2312 3443 2366 3481 ιι.
2387 3431 2432 3481 a.
2458 3453 2525 3462 —
2548 3425 2600 3489 5)
2628 3429 2692 3480 ut

1621 3493 1801 3548 horas
1824 3520 1888 3530 —
1914 3492 2008 3548 i.e.
2032 3492 2411 3560 horologium
2439 3510 2497 3548 es
2521 3493 2596 3549 ist
2617 3509 2691 3548 an

1624 3561 1747 3616 eine
1780 3560 2168 3628 hydraulische
2203 3561 2314 3616 Uhr
2346 3577 2414 3616 zu
2453 3560 2686 3623 denhem

1620 3628 1730 3684 wie
1767 3628 1850 3683 sie
1893 3627 2158 3683 schildert
2203 3627 2417 3684 Vitruv.
2452 3627 2503 3683 d.
2536 3628 2686 3684 arch.

1619 3700 1676 3758 9,
1701 3698 1751 3750 9.
1808 3695 1903 3751 Mit
1936 3695 2080 3751 ahnl.
2104 3695 2283 3751 Kiirze
2306 3696 2457 3752 Brut.
2482 3700 2572 3750 54:
2612 3696 2693 3751 ad

1617 3763 1797 3819 horas
1866 3765 2085 3820 mittere
2157 3763 2339 3826 „nach
2407 3763 2506 3819 der
2574 3762 2689 3820 Uhr

1644 3829 1957 3894 schieken“‚
1982 3829 2145 3886 naml.
2164 3847 2256 3887 um
2284 3831 2686 3887 naehzusehen.

1613 3927 1683 3940 --
1715 3899 1768 3963 ὁ)
1801 3901 2044 3966 impetus
2074 3928 2141 3936 —
2175 3908 2333 3955 sonst
2363 3899 2463 3954 mit
2498 3898 2550 3957 d.
2582 3898 2689 3954 Ne-

1615 3964 1932 4034 benbegriff
1970 3966 2066 4021 des
2113 3966 2194 4022 Un
2236 3970 2444 4023 estums
2484 3983 2538 4024 u.
2587 3966 2689 4022 der

1616 4034 1764 4097 Hast‚
1791 4035 1912 4089 hier
1935 4050 1983 4089 v.
2004 4034 2054 4090 d.
2082 4050 2212 4102 rege
2238 4034 2527 4102 massigen.
2552 4032 2690 4091 aher

1616 4100 2092 4159 unaufhaltsamen
2161 4100 2519 4165 „Triebkrait
2586 4101 2689 4157 der

1616 4168 2125 4237 Himmelskorper“
2160 4186 2228 4224 zu
2261 4169 2572 4226 verstehen.
2619 4196 2692 4206 -

1615 4239 2001 4307 conficientem
2033 4265 2100 4276 -
2140 4236 2337 4293 Partic.
2384 4236 2436 4294 h.
2470 4236 2689 4302 videre,
