2975 4842
1232 198 1693 315 4-2035-

326 395 434 455 Est
464 401 661 456 autem
691 393 896 454 vitium
927 390 1085 473 quod
1117 391 1386 454 nonnulli
1416 392 1491 454 de
1520 391 1824 456 industria
1841 399 2277 456 consectantur.
2330 393 2575 457 Rustica

330 497 442 540 -vox
483 485 543 540 et
583 477 832 557 agrestis
874 477 1159 556 quosdam
1203 475 1483 548 delectat,
1530 496 1647 557 quo
1691 479 1877 558 magis
1918 479 2356 558 antiquitatem,
2401 480 2452 539 si
2494 481 2579 541 ita

323 571 532 636 sonet,
576 580 783 624 eorum
827 580 1025 624 sermo
1066 579 1350 624 resonare
1378 561 1669 625 videatur.
1728 563 1822 625 Me
1852 570 2049 624 autem
2080 561 2373 624 subtilitas
2386 560 2431 644 2)
2465 564 2573 625 ista

328 647 601 719 delectat,
633 646 1193 718 omittoverhorum,
1235 663 1593 728 quamquam
1626 654 1717 709 est
1745 656 1939 726 caput,
1959 665 2258 710 -verum
2286 646 2347 708 id
2378 646 2575 708 adfert

326 734 498 804 ratio,
532 731 749 793 docent
788 730 1051 803 litterae,
1087 733 1398 793 confirmat
1429 732 1798 797 consuetudo
1830 739 1888 792 et
1916 731 2149 810 legendi
2181 739 2239 793 et
2266 731 2569 811 loquendi,

324 835 412 862 -·-
441 815 546 877 sed
575 816 732 878 hanc
762 816 896 878 dico
925 819 1269 879 suavitatem
1294 834 1446 898 quae
1477 817 1598 878 exit
1619 835 1693 878 ex
1714 834 1850 887 ore;
1884 834 2035 897 quae
2057 816 2293 897 quidem
2318 824 2384 876 ut
2413 814 2573 896 apud

319 901 588 965 Graecos
616 899 979 974 Atticorum,
1021 903 1106 963 sic
1136 902 1198 965 in
1227 900 1436 963 Latino
1483 918 1765 962 sermone
1790 899 1967 961 huius
1998 909 2089 962 est
2117 900 2285 965 urhis
2314 902 2570 963 maxime

324 986 590 1065 propria.
653 986 897 1062 Athenis
925 988 1041 1048 iam
1075 984 1178 1047 diu
1217 985 1484 1047 doctrina
1527 987 1794 1065 ipsorum
1825 985 2274 1048 Atheniensium
2313 986 2572 1055 interiit;

322 1068 691 1132 domicilium
729 1076 957 1132 tantum
997 1072 1061 1130 in
1096 1069 1201 1133 illa
1244 1069 1394 1132 urhe
1422 1077 1693 1132 remanet
1722 1070 2085 1139 studiorum,
2118 1070 2333 1150 quibus
2363 1078 2573 1131 vacant

322 1156 500 1222 cives,
533 1156 838 1234 peregrini
866 1156 1148 1217 fruuntur
1171 1158 1327 1234 capti
1352 1155 1608 1233 quodam
1626 1155 1803 1216 modo
1825 1156 2066 1216 nomine
2089 1154 2257 1215 urbis
2278 1162 2337 1216 et
2367 1162 2571 1217 aucto-

323 1240 499 1301 ritate
512 1235 590 1319 3);
632 1246 832 1301 tamen
876 1240 1306 1302 eruditissimos
1345 1239 1618 1300 homines
1649 1240 1931 1302 Asiaticos
1969 1239 2157 1318 quivis
2195 1239 2571 1301 Atheniensis

321 1323 598 1407 indoctus
636 1342 757 1394 non
797 1325 1023 1396 verbis„
1070 1324 1175 1386 sed
1213 1341 1361 1385 sono
1391 1325 1581 1393 vocis,
1628 1342 1740 1384 nec
1770 1331 1889 1385 tam
1921 1323 2075 1384 bene
2104 1342 2283 1404 quam
2311 1324 2571 1385 suaviter

321 1406 622 1488 loquendo
664 1407 835 1470 facile
876 1407 1181 1488 superabit
1195 1406 1259 1487 4).
1304 1443 1389 1452 --
1417 1409 1619 1470 Nostri
1658 1410 1853 1469 minus
1881 1407 2121 1470 student
2148 1407 2362 1471 litteris
2390 1426 2571 1486 quam

321 1491 514 1554 Latini
527 1491 592 1571 ⁵).
654 1493 881 1555 Tamen
913 1512 986 1555 ex
1012 1495 1156 1563 istis,
1189 1511 1339 1573 quos
1369 1494 1575 1562 nostis,
1607 1495 1876 1564 urbanis,
1919 1495 1980 1553 in
2011 1493 2228 1572 quihus
2258 1494 2568 1554 minimum

280 1584 413 1653 ,est
450 1575 813 1647 litterarum,
867 1596 1045 1640 nemo
1096 1571 1185 1638 est
1225 1580 1369 1655 quin
1423 1577 1882 1639 litteratissimos
1924 1577 2268 1639 Latinorum
2322 1578 2569 1638 lenitate

324 1663 483 1724 vocis
514 1668 690 1742 atque
721 1663 849 1742 ipso
883 1664 1006 1722 oris
1047 1677 1260 1741 pressu
1290 1670 1350 1722 et
1379 1679 1528 1721 sono
1559 1659 1733 1722 facile
1761 1662 1955 1722 vincat
1968 1658 2035 1737 6).
2097 1662 2293 1733 Quare
2325 1679 2463 1722 cum
2494 1663 2571 1722 sit

322 1744 611 1824 quaedam
652 1753 813 1807 certa
854 1764 964 1807 vox
1004 1746 1257 1806 Romani
1301 1747 1536 1824 generis
1575 1744 1860 1825 urbisque
1889 1746 2150 1824 propria,
2181 1747 2243 1805 in
2275 1763 2389 1824 qua
2419 1745 2570 1805 nihil

321 1829 570 1899 offendi,
616 1830 764 1892 nihil
809 1829 1154 1909 displicere,
1197 1828 1346 1890 nihil
1386 1828 1774 1891 animadverti
1801 1831 2004 1909 possit,
2046 1829 2190 1891 nihil
2220 1847 2436 1891 sonare
2465 1836 2570 1890 aut

323 1913 485 1975 olere
515 1916 900 1994 peregrinum
912 1912 958 1993 ⁷)
977 1919 1004 1975 ε’
1034 1915 1190 1975 hanc
1217 1931 1538 1993 sequamur
1579 1931 1777 1992 neque
1806 1912 1998 1975 solum
2029 1915 2312 1976 rusticam
2343 1915 2568 1992 asperi-

319 2007 521 2069 tatem,
555 1998 660 2060 sed
692 2001 866 2062 etiam
898 2002 1274 2080 peregrinam
1305 1999 1679 2061 insolentiam
1709 1999 1917 2077 fugere
1948 1998 2243 2073 discamus
2257 1996 2324 2076 8).

358 2252 547 2313 usilla,
596 2251 806 2315 molliS,
856 2265 887 2305 e
938 2251 1214 2313 ammata:
1268 2249 1380 2306 Cic.

357 2319 426 2375 iv.
453 2323 499 2383 1,
525 2323 558 2371 9
580 2319 638 2374 in
663 2319 839 2375 einem
888 2333 1019 2374 ‘erse
1037 2335 1084 2372 v,
1105 2317 1384 2374 Froschen

319 2394 537 2455 gesagt:
566 2387 932 2456 absurdoque
950 2401 1092 2442 sono
1117 2385 1302 2441 fontes
1330 2392 1385 2440 et

318 2462 514 2522 stagna
562 2455 737 2511 cietiS.
784 2481 854 2491 -—
898 2453 950 2519 2)
985 2453 1270 2510 subtilitas
1317 2481 1384 2490 —-

317 2522 441 2578 hier
482 2521 656 2587 (nicht
687 2522 798 2578 wie
833 2521 911 2578 St.
944 2526 1035 2586 61,
1072 2521 1152 2590 3):
1191 2520 1383 2586 „Fein-
1412 2570 1419 2577 .

282 2632 288 2637 .
318 2590 461 2655 heit,
494 2589 866 2652 Zierlichkeit,
892 2588 1127 2658 Eleganz
1146 2592 1192 2653 “,
1230 2588 1382 2645 Brut.

319 2660 408 2711 17:
436 2655 780 2713 delectantur
804 2674 867 2713 ea
885 2658 1195 2714 subtilitate
1218 2673 1384 2726 quam

314 2724 563 2780 Atticam
585 2742 616 2781 a
658 2724 883 2794 pellant.
923 2754 977 2767 -
1003 2727 1056 2791 3)
1081 2725 1259 2782 Ueber
1282 2725 1381 2781 das

314 2792 539 2848 Ansehn
550 2793 620 2849 At
664 2810 758 2848 ens
786 2792 866 2848 als
893 2792 1089 2848 damali
1132 2792 1383 2848 erHoch-

321 2859 516 2914 schule
540 2859 638 2914 der
661 2858 976 2926 gehildeten
1000 2860 1105 2925 We
1129 2867 1179 2914 t:
1208 2859 1382 2923 St.90,

313 2931 365 2982 4.
387 2955 457 2964 —-
479 2927 684 2993 quibus
714 2955 784 2964 --
817 2934 1003 2982 zuerst
1025 2926 1202 2989 Dativ,
1239 2926 1384 2981 daun

317 2992 396 3049 als
425 2992 550 3050 ΑΜ.
571 3010 640 3049 zu
666 2998 936 3062 erganzen
971 3010 1040 3049 zu
1071 2995 1378 3063 fruuntur.

314 3090 381 3099 —
413 3061 466 3126 4)
492 3066 682 3117 tamen
713 3068 782 3100 ’-
814 3062 916 3116 mit
947 3062 1132 3130 Bezug
1164 3059 1263 3117 auf
1291 3064 1380 3117 in—

314 3131 499 3185 teriit.-
526 3128 754 3185 obwohl
779 3128 867 3184 die
892 3128 1001 3186 alte
1011 3128 1381 3185 Herrlichkeit

315 3196 480 3252 dahin
503 3197 606 3264 ist,
642 3195 818 3252 hleibt
851 3197 1164 3254 doch'noch
1200 3196 1290 3252 ein
1315 3213 1378 3252 so

313 3279 541 3331 grosser
596 3263 820 3332 Vorzug
876 3263 1054 3332 iibrig.
1110 3294 1180 3302 —
1234 3264 1380 3321 hom.

312 3332 562 3387 Asiatici
582 3359 649 3369 -
674 3331 763 3386 die
796 3331 1108 3399 griechisch
1135 3331 1379 3400 gebilde-

313 3407 408 3455 ten
427 3397 709 3454 Rhetoren
734 3399 831 3454 der
855 3397 1377 3466 kleinasiat.Stadte,

312 3466 402 3523 die
425 3467 566 3522 auch
593 3464 808 3530 81:175,
837 3472 868 3520 6
896 3468 1150 3524 erwahnt
1172 3484 1379 3523 waren.

313 3564 378 3572 ——
425 3531 479 3602 5)
526 3533 631 3590 Das
680 3534 960 3605 Gesprach
1017 3537 1088 3592 de
1146 3541 1380 3592 oratore

309 3601 660 3724 ipsststwffiail'
677 3601 1269 3735 finitimis&
1293 3605 1381 3727 {a

314 3734 555 3790 schonen
566 3734 1040 3792 wissenschaften
1058 3739 1202 3794 noch
1226 3738 1382 3794 nicht

310 3818 377 3858 so
402 3800 511 3857 viel
533 3800 786 3870 Anklang
810 3802 1026 3867 landen,
1053 3805 1164 3859 wie
1189 3805 1244 3859 in
1273 3804 1379 3861 den

1489 2249 1876 2317 umliegenden
1913 2250 2083 2306 Orten
2106 2249 2367 2306 Latiums.
2412 2277 2478 2289 --
2511 2252 2563 2314 6)

1487 2319 1702 2374 urbani
1735 2346 1802 2355 —
1836 2318 1945 2385 vgl.
1981 2318 2057 2374 St.
2092 2320 2184 2381 68,
2226 2322 2273 2373 3.
2322 2346 2389 2355 -
2436 2320 2559 2374 oris

1478 2401 1701 2507 {sessu
1740 2413 1814 2466 -3
1850 2385 2060 2452 „durch
2104 2384 2210 2440 den
2244 2383 2424 2443 Druck
2460 2384 2560 2476 (leg

1486 2450 2553 2601 ι.ὲῗὲθὲῥςῖἒῖ.ἓὲθέἑῖἓξεὲἰζῗῗὲἒιῗξι.

1488 2606 1597 2645 nur
1621 2587 1870 2644 zweimal
1896 2587 1947 2644 b.
1974 2587 2081 2644 Cic.
2129 2589 2289 2644 Tusc.
2314 2592 2371 2651 2,
2406 2592 2473 2641 23
2498 2603 2553 2644 u.

1487 2665 1598 2713 nat.
1634 2656 1683 2712 d.
1718 2661 1775 2721 2,
1807 2657 1925 2721 42).
1975 2684 2043 2694 -—
2091 2657 2141 2720 ’1)
2170 2655 2312 2712 nihil
2335 2655 2558 2723 offendi

1479 2729 1673 2793 potest
1695 2753 1762 2762 --
1781 2741 1941 2787 „man
1965 2723 2110 2779 kann
2129 2725 2310 2796 nichts
2325 2724 2555 2779 Anstos-

1486 2793 1660 2860 siges,
1686 2790 1909 2846 Auffalli
1951 2807 2008 2847 es
2033 2791 2190 2846 darin
2214 2790 2462 2853 finden“,
2490 2807 2556 2846 so

1487 2859 1629 2914 auch
1653 2857 1730 2912 im
1753 2860 1890 2921 Act„
1970 2858 2023 2913 ·l.
2048 2862 2139 2913 36:
2191 2858 2238 2912 si
2262 2858 2319 2912 in
2344 2874 2431 2913 me
2456 2857 2562 2913 ali-

1488 2926 1626 2994 quid
1648 2923 2005 2991 offendistis;
2031 2924 2082 2980 d.
2111 2942 2192 2981 or.
2220 2929 2267 2987 1,
2293 2929 2384 2980 28:
2424 2925 2480 2980 id
2504 2926 2563 2980 in

1486 3010 1601 3063 quo
1615 2993 1835 3060 aliquid
1851 2993 2166 3061 offenderis
2176 3015 2199 3056 ,·
2222 2992 2391 3049 Pass.
2408 2991 2561 3048 Caec.

1484 3065 1578 3116 36:
1607 3061 1812 3128 siquid
1832 3062 1891 3117 in
1909 3061 2132 3118 homine
2153 3059 2559 3129 offendendum

1484 3129 1576 3185 sit.
1598 3152 1685 3167 ·——
1726 3129 2183 3185 animadvertere
2221 3156 2290 3165 —-
2315 3128 2553 3192 „tadeln,

1485 3198 1723 3264 riigen“,
1749 3197 1857 3252 wie
1883 3196 1962 3254 St.
1991 3200 2116 3260 175,
2142 3201 2191 3253 8.
2226 3224 2294 3235 -—
2330 3197 2484 3257 olere
2518 3213 2563 3252 c.

1483 3265 1611 3320 Acc.
1653 3264 1746 3318 B.
1774 3264 1811 3330 S
1841 3269 1954 3328 147,
1988 3270 2043 3330 3,
2081 3266 2143 3323 A.
2168 3270 2217 3322 3.
2264 3263 2344 3322 M.
2365 3263 2416 3330 8
2439 3267 2560 3330 451,

1481 3334 1544 3387 A.
1571 3337 1618 3388 1.
1667 3332 1736 3387 E.
1764 3331 1822 3388 S.
1858 3330 1894 3402 S
1930 3335 2053 3396 156,
2089 3337 2137 3389 2.
2194 3333 2272 3389 K.
2309 3333 2346 3399 3
2374 3336 2501 3396 112,
2528 3337 2560 3385 3

1485 3398 1559 3469 (b.
1573 3399 1680 3458 Cic.
1694 3401 1849 3457 olere
1874 3401 2037 3466 nihil,
2063 3417 2274 3465 ceram,
2302 3416 2557 3465 crocum,

1484 3468 1758 3524 malitiam
1783 3467 1951 3536 cett).
1978 3497 2043 3506 -
2078 3469 2130 3532 8)
2155 3466 2332 3524 Ueber
2368 3466 2421 3521 d.
2453 3466 2557 3522 Ge·

1485 3551 1640 3605 gens,
1676 3538 1934 3592 rusticus
1969 3552 2024 3590 u.
2052 3549 2195 3601 pere
2234 3537 2430 3590 rinus:
2477 3532 2555 3589 St.

1484 3608 1567 3666 68,
1582 3608 1631 3658 3.
1658 3631 1727 3641 —-
1750 3602 2056 3658 insolentia
2079 3630 2147 3639 —
2164 3645 2195 3666 ,‚
2246 3602 2553 3670 ngewohn-

1482 3671 1763 3731 lichkeit“,
1790 3669 1840 3725 d.
1869 3686 1948 3725 or.
1974 3674 2021 3734 3,
2050 3674 2130 3733 13,
2155 3673 2247 3724 50:
2282 3677 2434 3726 tanta
2456 3671 2556 3724 in-

1483 3737 1727 3794 solentia
1751 3753 1814 3792 ac
1839 3736 2001 3792 turha
2025 3735 2339 3794 verborum.
