2975 4842
1188 266 1613 353 431-

270 449 489 511 Pueris
505 418 699 510 'nobis
731 450 838 510 Cn.
871 448 1149 523 Aufidius
1187 436 1528 528 praetorius
1567 454 1629 508 et
1671 447 1728 507 in
1770 457 1978 517 senatu
2030 449 2380 510 sententiam
2431 449 2518 509 di·

272 532 451 596 cebat
499 533 675 613 nec4)
729 533 931 594 amicis
991 530 1457 594 deliberantibus
1500 532 1705 594 deerat
1760 541 1818 594 et
1875 535 2161 597 Graecam
2224 532 2521 594 scribebat

269 619 583 681 historiam
617 625 675 680 et
703 617 941 678 videbat
968 618 1029 678 in
1058 616 1275 679 literis.‹

802 928 944 982 111.
1031 924 1299 995 Appius
1344 925 1677 983 Claudius
1722 926 2003 985 Caecus·

1217 1039 1352 1102 (sen.
1390 1040 1440 1103 6,
1480 1037 1586 1102 16.)

447 1191 534 1254 Ad
560 1193 752 1273 Appii
771 1192 1016 1253 Claudii
1042 1198 1405 1252 senectutem
1440 1190 1763 1252 accedebat
1791 1192 1966 1253 etiam
1997 1198 2063 1252 ut
2093 1209 2304 1253 caecus
2333 1202 2519 1261 esset;

277 1288 479 1342 tamen
509 1278 579 1347 is,
613 1295 747 1337 cum
780 1278 1072 1338 sententia
1103 1285 1347 1338 senatus
1375 1274 1693 1337 inclinaret
1722 1276 1793 1337 ad
1824 1293 2035 1355 pacem
2066 1275 2205 1337 cum⁴
2228 1276 2458 1356 Pyrrho
2477 1273 2519 1356 ¹)

276 1364 606 1443 foedusque
637 1360 1004 1430 faciendum,
1037 1378 1161 1422 non
1192 1360 1478 1423 dubitavit
1507 1361 1708 1422 dicere
1746 1358 1844 1422 illa
1876 1379 2027 1440 quae
2069 1361 2339 1423 versibus
2379 1370 2515 1440 pro-

274 1456 520 1512 secutus
551 1455 643 1508 est
667 1446 896 1507 Ennius
906 1443 983 1524 ²):

686 1533 806 1603 Quo
835 1534 995 1591 vobis
1021 1542 1262 1607 mentes,
1293 1542 1476 1592 rectae
1508 1551 1646 1609 quae
1676 1543 1823 1591 stare
1853 1533 2109 1592 solebant

627 1660 631 1664 »
663 1620 1256 1692 ,Antehac‚‘dementes
1287 1636 1409 1677 sese
1438 1620 1638 1676 flexere
1668 1619 1812 1676 viai?
1957 1668 1962 1675 2

280 1703 612 1781 Ceteraque
642 1701 1016 1780 gravissime;
1060 1710 1266 1761 notum
1300 1701 1463 1762 enim
1492 1699 1657 1760 vobis
1697 1718 1937 1761 carmen
1984 1707 2099 1770 est,
2158 1708 2217 1761 et
2255 1707 2454 1761 tamen
2472 1697 2517 1781 3)

275 1790 465 1868 ipsius
506 1787 680 1866 Appii
722 1791 914 1847 exstat
955 1787 1162 1846 oratio.
1242 1786 1434 1864 Atque
1474 1784 1626 1847 haec
1666 1783 1766 1844 ille
1799 1786 1919 1864 egit
1948 1793 2177 1865 septem
2211 1791 2268 1845 et
2312 1784 2521 1846 decem

278 1874 451 1934 annis
501 1881 638 1951 post
680 1869 932 1931 alterum
975 1868 1375 1940 consulatum,
1432 1887 1566 1930 cum
1619 1870 1778 1930 iuter
1819 1869 1966 1931 duos
1998 1868 2338 1931 consulatus
2365 1871 2520 1937 ‚anni

278 1957 487 2019 decem
516 1954 925 2026 interfuissent
937 1953 982 2034 4)
1014 1972 1347 2034 censorque
1378 1963 1515 2016 ante
1546 1952 1912 2014 consulatum
1957 1955 2328 2032 superiorem
2370 1953 2519 2015 fuis-

278 2052 370 2103 set
385 2041 427 2121 5)
442 2089 457 2112 ‚

511 2060 583 2102 ex
637 2058 752 2119 quo
803 2038 1169 2117 intellegitur
1197 2039 1412 2118 Pyrrhi
1450 2037 1623 2099 vbello
1675 2038 1961 2116 grandem
2006 2056 2148 2098 sane
2202 2038 2411 2108 fuisse;
2462 2045 2523 2100 et
2577 2056 2582 2067 ·

279 2135 479 2190 tamen
521 2131 609 2187 sic
651 2144 682 2186 a
740 2124 1009 2204 patribus
1050 2126 1405 2203 accepimus,
1476 2122 1636 2184 Nihil
1676 2125 1855 2200 igitur
1898 2123 2173 2184 adferunt
2214 2125 2314 2205 qui
2354 2125 2415 2185 in
2455 2142 2525 2185 re

282 2211 548 2292 gerenda
579 2210 801 2271 versari
813 2207 857 2290 ⁶)
892 2216 1259 2270 senectutem
1290 2217 1526 2288 negant.

277 2447 400 2503 heit
448 2463 506 2503 es
556 2446 675 2502 sich
710 2445 855 2503 doch
903 2445 1213 2508 handelte“,
1264 2443 1354 2500 die

279 2516 402 2571 sich
426 2515 545 2571 also
571 2515 764 2570 hatten
789 2514 956 2569 allein
991 2513 1177 2569 helsen
1202 2515 1351 2568 mfis-

277 2600 398 2645 sen,
423 2582 576 2638 desh.
602 2582 700 2638 der
724 2580 1074 2650 Conj.esset,
1097 2580 1197 2637 aul*
1214 2578 1352 2636 wel·

278 2651 423 2705 chen
447 2648 590 2705 freil.
615 2650 754 2705 auch
773 2649 862 2705 die
872 2648 1354 2705 Unbestimmtheit

282 2717 385 2774 des
420 2714 676 2784 Subjects
719 2735 788 2774 zu
824 2717 1088 2774 videbant
1129 2716 1352 2775 einwir-

276 2786 390 2841 ken
430 2799 571 2853 mag.
616 2813 699 2839 ·-·.
728 2786 783 2850 4)
814 2785 919 2842 Des
959 2785 1056 2841 Cn.
1083 2785 1352 2854 Aufidius

281 2853 540 2909 erwahnt
589 2852 700 2910 Cic.
751 2855 899 2910 noch
945 2852 1037 2910 fin.
1071 2857 1120 2917 ὅ,
1148 2857 1230 2917 18,
1256 2856 1353 2907 62:

276 2920 545 2990 Equidem
572 2938 602 2976 e
651 2921 750 2977 Cn.
775 2922 1003 2988 Aufidio
1049 2921 1350 2990 praetorio,

283 2988 502 3045 erudito
527 2990 752 3045 homine
770 2990 954 3046 oculis
978 2994 1160 3056 capto,
1187 3003 1353 3055 saepe

279 3054 565 3113 audiebam
591 3074 716 3113 cum
741 3074 802 3113 se
825 3057 966 3112 lucis
987 3058 1160 3124 magis
1184 3069 1351 3124 quam

279 3123 536 3181 utilitatis
572 3124 847 3181 desiderio
881 3124 1092 3180 moveri
1126 3122 1351 3178 diceret.

278 3219 349 3230 -
371 3192 607 3248 Beachte
631 3199 687 3248 et
711 3220 776 3230 —
800 3208 908 3248 nec
930 3219 997 3230 --
1021 3198 1076 3246 et
1099 3218 1160 3228 —
1190 3196 1260 3246 et.
1281 3218 1350 3229 -—

282 3261 506 3317 videbat
532 3264 592 3317 in
617 3262 696 3316 lit.
726 3260 819 3324 „in
843 3259 1055 3327 Fragen
1080 3258 1178 3314 der
1201 3257 1350 3313 Wis-

281 3328 564 3385 senschaft
586 3328 794 3385 konnte
820 3344 881 3384 er
913 3328 1110 3390 seben,
1144 3343 1265 3382 war
1291 3342 1351 3382 er

279 3395 436 3453 nicht
457 3395 664 3452 blind“.

353 3466 402 3528 1)
436 3462 1220 3531 Friedensunterhandlungen
1251 3461 1354 3518 mit

277 3532 545 3600 Pyrrhus
579 3549 625 3587 v.
661 3531 891 3602 Epeiros
935 3531 1110 3588 durch
1153 3530 1353 3588 dessen

279 3600 530 3656 Minister
573 3601 826 3664 laneae,
878 3605 1006 3654 279:
1075 3599 1228 3655 Plut.
1251 3599 1352 3666 Py.

282 3671 348 3721 18
374 3668 413 3722 f.
440 3696 503 3705 -
528 3669 580 3730 2)
606 3666 735 3724 Ueb.
761 3669 867 3724 den
889 3668 1112 3725 Dichter
1136 3667 1201 3734 Q.
1230 3666 1352 3723 En-

283 3739 420 3791 nius
447 3736 756 3799 (239—169)
783 3752 850 3790 zu
878 3736 958 3792 St.
987 3740 1067 3798 16,
1093 3739 1139 3790 6.
1167 3735 1226 3790 In
1245 3735 1352 3791 den

278 3802 644 3860 Hexametern
668 3802 900 3858 beachte
915 3803 1005 3859 die
1030 3802 1352 3859 sciet-lichen

282 3868 580 3942 Spondeen
606 3870 983 3936 (oravissime)
1003 3870 1174 3928 u.den
1184 3871 1351 3927 alter-

282 3937 478 3994 thiiml.
516 3937 693 3995 Genit.
730 3939 848 3994 viai
888 3966 956 3979 -—
1003 3956 1208 3996 wovon
1256 3939 1349 3996 ab·

282 4006 523 4075 hangig?
570 4035 638 4044 —-
685 4007 737 4071 3)
763 4011 819 4062 et
851 4011 1043 4063 tamen
1090 4036 1152 4046 ·-
1200 4007 1349 4071 „und

281 4075 430 4130 noch
456 4074 793 4132 obendrein“
828 4075 1010 4141 (naml.
1037 4073 1129 4131 fiir
1149 4074 1351 4131 Zweif·

283 4140 386 4207 ler)
396 4143 498 4198 mit
508 4142 654 4199 ahnl.
667 4143 960 4224 Betonung
970 4145 1081 4199 wie
1099 4149 1156 4199 et
1174 4149 1348 4207 certe,

283 4216 341 4266 et
360 4209 580 4277 hercle;
610 4210 813 4269 ebenso
839 4211 1159 4268 welterhin:
1187 4217 1244 4266 et
1264 4217 1350 4265 ta-

284 4294 415 4334 men
438 4282 524 4336 sic
569 4308 638 4320 —-
682 4297 737 4355 u.
774 4279 854 4337 St.
884 4284 950 4333 14
981 4296 1084 4336 vor
1116 4281 1177 4334 Αι.
1202 4283 1349 4335 6:—

1453 2444 1589 2500 Dass
1615 2443 1703 2500 die
1726 2443 1875 2501 Rede
1908 2443 2003 2500 des
2028 2443 2239 2513 Appius
2276 2444 2421 2499 noch
2453 2459 2522 2499 zu

1457 2509 1610 2569 Cic.’s
1652 2512 1769 2568 Zeit
1813 2510 2160 2578 vorhanden,
2209 2518 2333 2579 sagt
2379 2511 2522 2568 ders.

1455 2581 1598 2636 auch
1621 2580 1773 2638 Brut.
1800 2584 1883 2645 16,
1910 2585 2004 2635 61:
2051 2579 2159 2637 nisi
2181 2581 2530 2653 quem‚Appi

1459 2647 1630 2704 Caeci
1658 2651 1844 2705 oratio
1880 2648 2017 2705 haec
2049 2648 2170 2716 ipsa
2204 2647 2272 2703 de
2302 2647 2520 2715 Pyrrho

1456 2715 1607 2772 forte
1649 2716 1913 2780 delectat;
1959 2715 2076 2772 also
2104 2716 2220 2772 eins
2257 2714 2356 2771 der
2389 2715 2524 2771 alte-

1456 2791 1581 2840 sten
1599 2783 1929 2841 Rdmischen
1954 2783 2452 2857 Schriitstflcke.-
2468 2785 2521 2847 4)

1457 2851 1701 2909 Zweites
1722 2851 1986 2908 Consulat
2010 2850 2106 2907 des
2117 2853 2370 2918 Appius.-
2395 2854 2523 2914 296;

1458 2927 1662 2975 erstes:
1702 2924 1830 2982 307;
1867 2919 2019 2974 scine
2046 2918 2255 2973 Censur
2281 2916 2404 2973 fallt
2426 2918 2521 2972 be-

1455 2987 1591 3043 reits
1615 2986 1701 3042 ins
1726 2987 1772 3042 J.
1797 2989 1914 3041 312.
1946 2985 2043 3040 Als
2071 2984 2279 3041 Censor
2302 2985 2519 3041 machte

1457 3071 1519 3110 er
1552 3053 1670 3109 sich
1702 3053 1945 3110 bekannt
1979 3070 2035 3108 u.
2060 3051 2310 3108 verdient
2346 3053 2521 3108 durch

1453 3121 1664 3188 Anlage
1711 3120 1810 3177 der
1856 3122 1998 3176 nach
2053 3121 2167 3175 ihm
2213 3118 2523 3179 benannten

1451 3188 1895 3256 wasserleitung
1941 3189 2113 3257 (aqua
2157 3189 2363 3256 Appia)
2411 3188 2526 3245 und

1453 3256 1811 3314 Landstrasse
1836 3256 1951 3326 (via
1974 3258 2189 3325 Appia,
2226 3263 2415 3326 spater
2439 3256 2522 3313 bis

1451 3326 1805 3382 Brundisium
1828 3325 2179 3394 verlangert).
2213 3353 2277 3364 --
2312 3331 2526 3394 septem

1452 3400 1508 3452 et
1531 3395 1739 3457 decem,
1765 3422 1830 3431 -—
1853 3393 2187 3451 Nebenform
2211 3411 2280 3449 zu
2297 3401 2523 3461 septen-

1454 3463 1663 3527 decim,
1714 3461 1947 3519 ebenso:
2030 3464 2150 3518 dec.
2207 3469 2263 3517 et
2313 3467 2525 3528 septem

1459 3530 1654 3598 (Lim),
1679 3531 1800 3587 dec.
1824 3536 2147 3598 septemque
2161 3529 2378 3594 (Nep.),
2404 3529 2523 3583 dec,

1452 3605 1667 3668 septem
1705 3598 1897 3666 (Lim),
1946 3627 2008 3636 ——
2057 3598 2108 3662 5)
2132 3596 2211 3651 Ζιι
2246 3594 2523 3652 Censoren

1456 3667 1690 3724 wurden
1714 3668 1770 3722 in
1797 3664 2075 3732 derRegel
2096 3670 2211 3720 erst
2229 3679 2524 3731 gewesene

1457 3734 1702 3792 Consuln
1714 3732 2107 3799 (Consulares)
2122 3730 2391 3799 gewahln
2414 3732 2524 3801 Ap·

1453 3804 1583 3872 pius
1643 3800 1721 3857 Cl.
1784 3799 1969 3857 macht
2029 3799 2151 3856 eine
2208 3800 2523 3855 Ausnahme
2588 3824 2592 3827 ·

1456 3871 1625 3932 [ahnl.
1658 3868 1748 3925 bei
1791 3869 1909 3925 Liv.
1935 3872 2018 3931 27,
2043 3871 2075 3920 6
2101 3884 2155 3924 u.
2192 3872 2282 3930 11,
2316 3868 2373 3921 in
2399 3865 2449 3920 d.
2474 3866 2521 3921 J.

1453 3942 1556 3991 210
1578 3955 1633 3993 ιι.
1660 3937 1729 4002 9.)
1776 3965 1845 3975 -
1891 3937 1944 4001 6)
1971 3939 2033 3992 in
2057 3952 2125 3992 re
2146 3950 2265 4003 θεν.
2291 3936 2526 3990 versari-

1451 4034 1520 4044 -—-
1554 4006 1709 4069 „sich
1742 4005 1844 4061 mit
1877 4001 2382 4072 staatsgeschaften
2428 4000 2526 4056 be-

1454 4073 1637 4130 l'assen
1663 4072 1752 4129 od.
1771 4073 1927 4129 darin
1949 4071 2271 4138 bewegen“,
2295 4087 2349 4138 p.
2360 4069 2524 4125 Arch.

1454 4146 1547 4195 12:
1585 4141 1684 4211 qui
1717 4141 1774 4196 in
1810 4156 1877 4196 re
1900 4139 2122 4210 publica
2147 4146 2314 4207 atque
2355 4139 2412 4193 in
2436 4137 2522 4194 his

1454 4210 1599 4265 vitae
1645 4208 1908 4278 periculis
1955 4205 2351 4277 laboribusque
2397 4222 2523 4263 ver-

1455 4294 1673 4335 samur.
