2975 4842
1297 289 1381 299 --
1472 252 1764 317 102—-

402 433 462 488 et
505 425 723 507 quibus
761 425 1127 506 pepercisset
1166 431 1224 486 et
1264 442 1415 504 quae
1456 423 1812 504 reliquisset.
1871 425 2124 489 Tantum
2168 425 2272 488 ille
2300 426 2641 491 habendum

400 512 690 573 honorem
722 508 959 573 Siciliae
988 511 1213 591 putavit
1240 516 1411 571 ut¹ne
1442 508 1699 571 bostium
1738 509 1974 589 quidem
2004 509 2215 573 urbem
2242 531 2316 576 ex
2345 509 2643 577 sociorum

398 595 591 658 insula
621 594 944 657 tollendam
974 595 1380 657 arbitraretur.
2640 644 2651 649 ,

521 720 526 727 -
567 680 773 761 Itaque
816 680 890 741 ad
932 697 1139 742 omnes
1177 697 1278 742 res
1317 677 1516 741 Sicilia
1557 680 1857 757 provincia
1898 696 2138 759 semper
2177 683 2274 743 usi
2301 699 2536 754 sumus,
2581 692 2644 746 ut

399 765 686 847 quidquid
717 782 788 825 ex
818 781 948 826 sese
977 772 1180 843 posset
1210 764 1452 834 efferre,
1496 763 1557 824 id
1596 781 1717 825 non
1759 764 1916 844 apud
1956 783 2058 826 eos
2098 767 2293 836 nasci,
2336 767 2443 829 sed
2485 767 2641 830 domi

400 860 639 913 nostrae
670 848 973 911 conditum
1013 850 1134 913 iam
1176 846 1606 930 putaremu89).
1668 848 1915 920 Quando
1958 848 2056 911 illa
2091 850 2455 914 frumentum
2485 854 2644 934 quod

400 935 646 997 deberet
686 951 805 995 non
846 934 921 996 ad
963 933 1117 995 diem
1139 931 1208 1014 ¹⁰)
1252 933 1449 995 dedit?
1491 933 1729 1013 quando
1771 934 1829 995 id
1857 934 2016 1013 quod
2061 953 2211 1014 opus
2251 954 2383 999 esse
2409 946 2644 1017 putaret

398 1037 520 1081 non
571 1018 728 1081 ultro
780 1018 1040 1099 pollicita
1097 1020 1219 1080 est?
1267 1018 1507 1097 quando
1547 1018 1609 1078 id
1650 1018 1807 1098 quod
1865 1021 2266 1098 imperaretur
2317 1024 2641 1087 recusavit?

396 1105 602 1184 Itaque
630 1104 731 1166 ille
761 1104 837 1165 M.
866 1104 1007 1166 Cato
1034 1105 1281 1184 Sapiens
1305 1102 1515 1164 cellam
1544 1104 1850 1182 penariam
1869 1100 1940 1182 ¹¹)
1970 1106 2059 1166 rei
2085 1104 2361 1183 publicae
2384 1115 2640 1176 nostrae,

399 1191 692 1252 nutricem
735 1187 928 1269 piebis
970 1189 1270 1250 Romanae
1311 1187 1572 1250 Siciliam
1612 1187 1972 1251 nominabat.
2050 1189 2171 1250 Nos
2214 1208 2356 1252 vero
2413 1195 2643 1271 experti
2724 1218 2729 1221 ·

398 1293 608 1336 sumus
653 1272 862 1335 Italico
902 1274 1161 1335 maximo
1201 1272 1670 1352 difficillimoque
1711 1270 1954 1353 bello¹²)
2003 1273 2261 1336 Siciliam
2304 1275 2478 1343 nobis
2522 1295 2642 1338 non

398 1376 508 1439 pro
540 1360 783 1439 penaria
814 1357 980 1427 cella,
1025 1358 1133 1419 sed
1162 1375 1272 1436 pro
1290 1354 1359 1438 13)
1388 1358 1617 1419 aerario
1648 1356 1749 1419 illo
1776 1359 2067 1420 maiorum
2091 1365 2290 1421 vetere
2320 1379 2390 1423 ac
2417 1363 2640 1424 referto

396 1443 599 1505 fuisse.
658 1443 808 1505 Nam
847 1444 975 1504 sine
1018 1442 1138 1504 ullo
1178 1449 1417 1522 sumptu
1471 1452 1676 1503 nostro
1719 1445 1925 1512 coriis,
1970 1445 2186 1506 tunicis
2226 1445 2641 1527 frumentoque

396 1527 831 1608 suppeditando
861 1529 1155 1589 exercitus
1186 1535 1422 1588 nostros
1454 1528 1709 1597 vestivit,
1742 1526 1905 1599 aluit,
1949 1530 2197 1590 armavit
2214 1527 2304 1609 14).
2337 1565 2423 1577 ——
2452 1531 2641 1603 Quid?

395 1611 524 1683 illa,
575 1628 729 1692 quae
776 1612 1026 1674 forsitan
1082 1630 1158 1675 ue
1206 1613 1532 1674 sentiamus
1582 1612 1852 1690 quidem,
1895 1613 2152 1682 iudices,
2208 1623 2428 1694 quanta
2475 1618 2640 1678 sunt!

398 1695 556 1777 quod
575 1693 644 1777 ¹⁵)
677 1696 875 1760 multis
904 1696 1393 1776 locupletioribus
1432 1696 1657 1759 civibus
1698 1698 1918 1758 nostris
1947 1698 2186 1768 utimur,
2232 1700 2390 1778 quod
2420 1700 2640 1764 habent

398 1783 822 1863 propinquam,
843 1782 1100 1845 xfidelem
1133 1783 1615 1860 fructuosamque
1643 1783 2034 1861 provinciam,
2078 1800 2195 1861 quo
2226 1783 2398 1845 facile
2431 1804 2638 1847 excur-

395 1864 616 1947 rantffl)
640 1914 656 1938 ,
698 1867 802 1929 ubi
842 1867 1096 1930 libenter
1137 1870 1439 1948 negotium
1482 1875 1720 1945 gerant;
1777 1884 1927 1944 quos
1968 1866 2065 1928 illa
2097 1870 2311 1945 partim
2340 1869 2639 1932 mercibus

395 2088 491 2142 des
527 2086 594 2143 ab
628 2089 820 2156 ignaro
855 2086 1028 2142 milite
1059 2088 1186 2157 quis
1214 2094 1360 2143 esset
1385 2086 1467 2140 in-

394 2153 661 2211 terfectus
690 2163 790 2212 est.
838 2154 953 2212 Hoc
977 2155 1209 2210 maxime
1231 2154 1398 2211 modo
1412 2153 1466 2210 S.

395 2230 612 2290 captae,
647 2223 703 2277 in
737 2221 939 2292 quibus
970 2224 1228 2290 praedae
1253 2229 1466 2278 tantum

393 2289 502 2346 fuit
515 2297 653 2347 cett.
676 2319 745 2330 --·
768 2291 818 2355 9)
844 2289 1061 2361 efferre
1081 2290 1175 2347 i.e.
1193 2289 1464 2360 proferre,

392 2358 543 2413 Brut.
580 2362 638 2412 4:
688 2372 818 2426 ager
870 2374 995 2414 cum
1036 2357 1244 2414 multos
1291 2373 1463 2413 annos

392 2425 605 2547 ‹sluligtvit
649 2424 1466 2549 ubgriogese'frucfflsweffegrg

423 2510 458 2547 o
544 2521 669 2546 .--
752 2510 933 2549 oner
998 2510 1197 2556 „aule
1258 2510 1429 2548 arn

393 2559 1463 2707 l:&33331351212553‘4233lofss.istie&

393 2699 520 2749 665:
569 2694 920 2764 Conditaque
963 2710 1019 2749 m
1054 2694 1263 2764 liquida
1296 2712 1465 2750 corna

392 2762 727 2818 autumnalia
750 2761 918 2819 faece.
965 2790 1032 2799 —
1082 2763 1174 2827 10)
1210 2764 1288 2818 ad
1318 2763 1467 2818 diem

392 2847 467 2886 sc.
502 2830 725 2894 dictam,
774 2837 997 2894 statam,
1048 2838 1253 2886 certam
1296 2829 1465 2896 (auch

390 2899 596 2964 Mese),
625 2914 693 2955 zu
719 2898 797 2955 St.
822 2903 913 2962 44,
940 2903 998 2953 5:
1034 2897 1168 2962 „auf
1197 2898 1304 2955 den
1335 2898 1464 2953 Ter-

392 2966 555 3022 min“.
593 2997 656 3004 —
691 2966 868 3036 Conjj.
903 2967 1159 3032 deberet,
1184 2972 1332 3034 put„
1360 2967 1462 3020 im-

383 3051 512 3103 per.
533 3064 596 3072 —-
623 3034 1303 3092 wiedcrholte'l'hatsache
1324 3035 1463 3100 (‚‚et-

391 3104 577 3168 Wa‘f),
628 3105 699 3158 B.
725 3107 755 3166 S
785 3108 883 3156 281
915 3102 967 3159 b.
1035 3101 1116 3158 M.
1140 3107 1170 3162 S
1200 3105 1317 3158 704.
1385 3101 1459 3156 K.

393 3175 425 3233 s
452 3171 612 3231 1401),
640 3187 685 3227 e.
733 3200 803 3208 —-
849 3171 930 3234 11)
959 3168 1086 3225 Ueb.
1110 3169 1190 3225 M.
1213 3170 1462 3225 Porcius

395 3237 530 3294 Cato
555 3264 622 3275 -..
645 3254 715 3291 zu
740 3236 818 3292 St.
849 3242 946 3289 120
970 3253 1024 3292 u.
1052 3241 1175 3299 133;
1213 3236 1461 3304 Sapiens

393 3305 522 3371 (wie
555 3305 790 3360 Laelius
834 3304 913 3360 St.
956 3308 1079 3366 119,
1115 3305 1176 3369 2)
1221 3311 1463 3371 genannt

392 3372 642 3439 weniger
674 3385 872 3437 wegen
916 3370 1197 3438 gelehrter
1231 3372 1461 3426 Studien

391 3439 472 3498 als
500 3455 698 3508 wegen
710 3439 893 3494 seiner
909 3437 1260 3509 praktischen
1270 3437 1461 3494 Erfah·

391 3522 538 3576 rung
569 3525 623 3564 u.
668 3506 1059 3563 altromischen
1090 3505 1462 3573 Lebensklug-

391 3576 523 3639 heit,
550 3580 794 3638 sen.2‚4:
823 3574 1035 3644 Scipio:
1064 3590 1460 3645 saepenumero

391 3643 646 3700 admirari
670 3643 826 3699 soleo
852 3659 977 3699 cum
1004 3644 1113 3697 hoc
1127 3641 1311 3698 Laelio
1338 3657 1461 3697 cum

391 3719 698 3768 ceterarum
724 3727 909 3767 rerum
928 3719 1078 3767 tuam
1089 3709 1460 3773 excellentem,

391 3779 480 3836 M.
500 3778 655 3844 Cato,
682 3778 1097 3848 perfectamque
1121 3780 1464 3845 sapientiam

391 3854 520 3905 cett.
567 3876 637 3889 —-·
682 3847 828 3902 cella
865 3848 1113 3914 penaria
1156 3847 1234 3910 (v.
1275 3861 1462 3913 penus

395 3916 565 3982 (oris)
593 3914 1072 3979 „Mundvorrath“,
1099 3920 1208 3970 nat.
1228 3913 1281 3969 d.
1299 3918 1347 3975 2,
1369 3918 1459 3968 37;

393 3991 479 4039 est
512 3998 675 4040 omne
707 3998 821 4052 quo
865 3988 1165 4038 vescuntur
1211 3981 1462 4036 homines

387 4052 606 4117 penus)
637 4073 708 4098 =
748 4051 839 4106 rei
866 4050 1297 4118 frumentariae
1329 4049 1461 4104 sub-

391 4120 603 4174 sidium
649 4117 824 4185 (oben
857 4119 918 4173 Α.
953 4118 1023 4181 5),
1072 4114 1461 4196 „Speisel-‹am-

393 4189 561 4249 mer“,
586 4190 805 4243 semla:
831 4201 1050 4254 semper
1074 4185 1206 4240 bom
1231 4182 1460 4239 assidui-

391 4268 503 4320 que
550 4252 756 4309 domini
788 4251 991 4309 referta
1033 4252 1180 4309 cella
1212 4252 1470 4316 vinaria,

1572 2085 1818 2150 olearia,
1855 2086 2016 2141 etiam
2038 2090 2285 2153 penaria
2311 2096 2411 2143 est.
2464 2086 2639 2145 Strab.

1573 2153 1638 2209 vl
1662 2171 1716 2223 p.
1741 2158 1841 2206 273
1867 2152 1932 2208 C:
1960 2170 2004 2205 π
2041 2148 2228 2207 όσεστι
2253 2151 2439 2208 δὲκαὶ
2459 2150 2523 2209 τὸ
2549 2151 2638 2224 ἐν·

1570 2215 1785 2288 γύθεν·
1832 2215 2016 2275 ὡσανε
2052 2216 2186 2305 ε’γάρ
2219 2218 2392 2292 μέρος
2438 2243 2494 2276 τι
2540 2225 2641 2292 τῆς

1556 2283 1809 2350 Ἰταλίας
1843 2283 1999 2342 ἐστὶν
2032 2310 2068 2358 η
2104 2293 2277 2359 νῆσος
2301 2291 2401 2344 καὶ
2430 2286 2640 2373 ὑποχρ-

1563 2356 1862 2477 eam
1877 2352 2088 2477 {rie
2101 2353 2640 2489 εῖῖέῖεεέτες

1569 2492 1669 2545 καὶ
1694 2444 2133 2573 ἅταλᾳιτὶεζὲρως·
2171 2493 2271 2547 καὶ
2307 2488 2383 2562 δὴ
2411 2445 2512 2547 κε),
2532 2447 2639 2548 ἰα-

1571 2560 1767 2614 λοῦσιν
1788 2578 1979 2627 αυτην
2002 2567 2329 2628 ταμιεῖον
2354 2556 2638 2630 τῆςῬῶ-

1567 2623 2211 2749 werzta‘ssfftaffsst
2230 2647 2640 2751 y.

1571 2715 2044 2831 oivoczceuopzvmv
2087 2715 2194 2816 (ζεῦ
2232 2782 2280 2820 ο.
2350 2765 2536 2818 ταῦτα
2577 2760 2638 2818 δ’

1569 2825 1726 2884 ἐστὶν
1752 2823 1945 2911 οὐχιοί
1973 2848 2195 2900 naono
2241 2827 2463 2912 μόνον,
2491 2826 2640 2886 ἀλλὰ

1568 2897 1669 2951 καὶ
1692 2899 2027 2966 βοσκηματα
2053 2897 2152 2952 καὶ
2179 2900 2492 2967 osquam
2518 2899 2639 2953 καὶ

1571 2963 1725 3034 ἔρια
1749 2965 1847 3019 καὶ
1873 2963 1944 3018 τὰ
1970 2967 2229 3020 τοιαῦτα.
2254 2993 2323 3007 —-
2360 2969 2443 3033 12)
2471 2968 2640 3024 Sonst

1568 3035 1773 3090 bellum
1796 3035 2010 3090 sociale
2035 3050 2184 3102 gen„
2211 3038 2439 3098 91-89‚
2467 3036 2641 3092 zuSt.

1568 3105 1683 3165 137,
1709 3106 1740 3154 7
1763 3119 1816 3157 u.
1845 3106 1958 3164 138,
1983 3108 2031 3158 3.
2066 3131 2142 3168 -,
2184 3104 2265 3168 13)
2291 3117 2418 3159 esse
2435 3120 2549 3171 pro
2572 3132 2641 3141 —

1568 3185 1671 3232 „an
1705 3169 1793 3224 die
1826 3167 1999 3226 Stelle
2035 3177 2240 3233 treten,
2287 3187 2350 3226 so
2387 3178 2487 3239 gut
2520 3171 2641 3226 sein

1568 3237 1693 3316 wie,
1720 3236 1907 3305 gelten
1930 3237 2074 3300 ffir“,
2101 3237 2220 3293 Liv.
2245 3242 2329 3301 43,
2357 3243 2415 3293 5:
2451 3254 2553 3293 nec
2578 3255 2641 3295 se

1568 3319 1710 3360 scire
1734 3313 1967 3373 propter
2032 3322 2156 3361 uam
2177 3321 2394 3361 causam
2421 3306 2640 3362 consuli

1565 3389 1672 3439 pro
1692 3373 1957 3429 ‘hostibus
2016 3376 2237 3435 uerint,·
2260 3368 2333 3429 id.
2360 3379 2405 3436 1,
2434 3377 2524 3427 14:
2550 3381 2639 3428 tu-

1567 3440 1775 3496 multus
1794 3440 1980 3496 illatus
1998 3458 2108 3509 pro
2131 3444 2340 3497 nuncio
2356 3442 2502 3508 fuit;
2526 3442 2638 3496 Att.

1567 3512 1616 3570 2,
1642 3511 1699 3562 5:
1728 3507 1859 3564 Cato
1886 3508 1980 3564 ille
2001 3517 2199 3589 noster
2223 3509 2358 3564 mihi
2382 3526 2526 3567 unus
2553 3514 2642 3564 est

1563 3592 1672 3643 pro
1697 3583 1918 3631 centum
1942 3575 2189 3639 milibuS‚
2225 3577 2297 3633 B.
2329 3580 2502 3640 S-179.
2558 3575 2639 3631 M.

1568 3646 1710 3706 §390
1731 3659 1775 3698 a.
1801 3644 1875 3698 K.
1903 3647 1935 3708 ς
1951 3649 2062 3706 102,
2087 3645 2149 3700 A.
2167 3649 2217 3700 4.
2242 3673 2311 3682 —-·
2334 3644 2441 3699 Cic.
2468 3643 2640 3700 meint

1568 3710 1673 3767 den
1697 3712 1835 3766 nach
1862 3711 1911 3767 d.
1940 3712 2064 3779 Syr.
2091 3729 2145 3767 u.
2169 3711 2374 3768 Maked.
2399 3711 2637 3779 Kriegen

1568 3777 1989 3845 reichgeffillten
2025 3780 2419 3842 Staatsschatz‚
2457 3797 2525 3835 zu
2559 3778 2636 3834 St.

1568 3851 1691 3908 123,
1725 3852 1774 3900 3.
1821 3874 1888 3884 -
1937 3850 2020 3912 14)
2066 3847 2157 3903 Die
2190 3846 2515 3914 Reihefolge
2541 3845 2641 3901 der

1568 3912 1744 3970 Verba
1793 3921 1913 3970 ents
1957 3914 2102 3970 richt
2158 3915 2312 3971 nicht
2359 3914 2464 3970 den
2511 3930 2637 3969 vor-

1568 3996 1791 4048 ausgeg.
1806 3981 1907 4037 Abl
1933 4025 1946 4038 .
1969 4011 2032 4020 -
2051 3983 2288 4037 coria—
2300 3998 2426 4038 zum
2438 3980 2639 4038 Ueber-

1568 4064 1676 4115 zug
1701 4047 1798 4103 der
1823 4048 2065 4112 Schilde,
2092 4050 2336 4106 Fusszeu
2395 4066 2538 4105 usw.
2569 4076 2640 4086 —

1568 4116 1652 4180 15)
1677 4118 1828 4183 quod
1850 4145 1914 4154 —
1939 4119 2092 4184 quod
2108 4145 2179 4157 ·-—·
2202 4115 2255 4173 b.
2281 4135 2341 4173 er
2374 4142 2375 4145 ¹
2402 4115 2639 4172 ,Annib-

1568 4199 1711 4250 rung
1735 4184 1833 4240 der
1857 4185 2142 4247 einzelnen
2152 4183 2342 4240 Theile
2366 4189 2641 4252 v.quanca

1567 4251 1675 4307 wie
1701 4251 1842 4308 oben
1864 4254 1924 4308 A.
1947 4256 1995 4308 2.
2020 4279 2089 4292 —-
2115 4252 2197 4317 16)
2223 4267 2546 4309 excurrere
2572 4280 2640 4288 -
