2975 4842
1276 226 1737 298 ...135—

370 422 610 469 causam
650 412 892 467 senatus
935 405 1155 483 palam,
1202 412 1479 483 equester
1521 396 1672 466 ordo‘
1701 406 2021 476 acerrime,
2066 414 2280 468 cuncta
2310 405 2475 470 ltalia
2506 425 2621 486 pu-

370 492 557 561 blice,
611 498 818 552 omnes
846 490 991 552 boni
1018 492 1261 571 proprie
1291 491 1579 571 enixeque
1610 497 1998 570 susceperant
2010 487 2076 569 2).
2136 490 2251 552 Eas
2282 509 2383 553 res
2411 492 2621 553 consul

370 593 674 655 gesseram
725 592 976 655 quarum
1018 593 1141 636 non
1182 592 1338 636 unus
1377 581 1617 657 auctor,
1662 575 1767 636 sed
1820 575 1938 636 dux
1992 577 2257 636 omnium
2302 574 2622 637 voluntatis

368 662 643 729 fuissem,
689 677 957 740 quaeque
1002 677 1123 721 non
1165 659 1343 722 modo
1373 659 1447 720 ad
1478 658 1839 738 singularem
1869 678 2062 722 meam
2094 660 2344 738 gloriam
2364 707 2377 729 ,
2411 660 2515 721 sed
2546 661 2622 722 ad

368 745 620 808 salutem
649 762 1027 807 communem
1058 747 1323 806 omnium
1354 745 1567 805 civium
1598 753 1656 804 et
1683 760 1873 823 prope
1918 747 2184 822 gentium
2214 748 2616 824 pertinerent:

367 850 439 892 ea
482 828 831 891 condicione
874 847 1173 908 gesseram
1215 837 1280 890 ut
1323 844 1525 890 meum
1553 829 1773 890 factum
1804 846 2042 908 semper
2077 847 2286 890 omnes
2315 837 2619 909 praestare

367 916 641 994 tuerique
673 911 1040 993 deberentss).

537 999 683 1059 Erat
713 1005 907 1060 autem
939 999 1085 1059 mihi
1113 999 1415 1058 contentio
1445 1015 1569 1059 non
1600 1016 1736 1059 cum
1765 999 1987 1058 victore
2011 999 2304 1066 exercitu,
2337 998 2443 1058 sed
2473 1015 2608 1059 cum

367 1084 567 1163 operis
617 1083 926 1149 conductis
966 1093 1025 1143 et
1063 1081 1138 1144 ad
1180 1081 1574 1161 diriplendam
1615 1081 1824 1144 urbem
1868 1080 2267 1161 concitatis4);
2311 1099 2423 1143 nec
2466 1082 2614 1143 mihi

364 1185 465 1229 res
494 1174 625 1229 erat
647 1185 781 1228 cum
795 1166 857 1229 C.
885 1167 1089 1237 Mario,
1117 1174 1355 1228 terrore
1380 1166 1657 1237 hostium,
1689 1185 1793 1246 spe
1816 1166 2202 1244 subsidioque
2230 1168 2473 1245 patriae,
2509 1167 2615 1229 sed

366 1270 507 1312 cum
535 1252 600 1312 P.
636 1251 858 1322 Clodio,
891 1269 1026 1313 cum
1057 1269 1399 1313 scurrarum
1428 1250 1811 1330 locupletium
1842 1249 2046 1321 sodali,
2092 1252 2481 1312 cum‘sororis
2510 1251 2614 1312 ad*-

376 1335 589 1407 ultero,
615 1337 1216 1419 cum·veneflco,1cum
1237 1337 1701 1407 testamentario,
1725 1354 1859 1397 cum
1880 1337 2112 1406 sicarie,
2136 1353 2270 1397 cum
2293 1334 2524 1397 latrone
2538 1335 2614 1416 ⁶):

363 1440 543 1501 quem
589 1420 892 1482 hominem
935 1423 985 1483 si
1013 1456 1099 1470 —-
1126 1421 1185 1483 id
1227 1420 1383 1500 quod
1423 1420 1597 1482 facile
1637 1422 1799 1483 factu
1848 1421 1961 1482 fuit
2008 1428 2067 1482 et
2115 1419 2274 1500 quod
2325 1421 2456 1482 fieri
2509 1421 2611 1483 de-

371 1505 502 1567 buit
530 1505 807 1586 quodque
836 1525 872 1567 a
893 1525 990 1567 me
1014 1506 1221 1585 optimi
1244 1514 1304 1567 et
1330 1506 1640 1567 fortissimi
1661 1507 1817 1568 cives
1839 1505 2198 1583 flagitabant,
2222 1539 2307 1550 -
2330 1507 2386 1566 vi
2405 1507 2615 1568 armis·-

364 1609 483 1670 que
514 1608 904 1669 superassem,
940 1609 1058 1651 nou
1077 1589 1326 1651 verebar
1349 1608 1425 1651 ne
1449 1592 1578 1670 quis
1607 1599 1708 1652 aut
1738 1592 1851 1652 vim
1874 1593 1931 1652 vi
1958 1590 2255 1668 repulsam
2282 1590 2611 1669 reprehen-

367 1677 537 1736 deret
567 1683 668 1736 aut
694 1675 1065 1753 perditorum
1095 1676 1307 1735 civium
1336 1674 1430 1735 vel
1458 1677 1655 1755 potius
1685 1675 2144 1737 domesticorum
2171 1674 2428 1736 hostium
2451 1691 2610 1735 mor·

364 1769 485 1822 tem
522 1767 818 1821 maereret
831 1757 895 1839 6).
941 1760 1058 1821 Sed
1088 1778 1182 1821 me
1211 1757 1311 1819 illa
1338 1768 1678 1821 moverunt:
1711 1758 1987 1821 omnibus
2012 1760 2077 1819 in
2106 1758 2480 1820 contionibus
2509 1757 2609 1820 illa

366 1845 518 1905 furia
551 1843 841 1905 clamabat
869 1862 934 1905 se
965 1843 1125 1922 quod
1152 1843 1382 1907 faceret
1411 1853 1618 1906 contra
1642 1844 1890 1907 salutem
1917 1861 2111 1905 meam
2141 1842 2340 1904 facere
2363 1850 2606 1905 auctore

362 1930 469 1991 Cn.
506 1929 822 2009 Pompeio,
878 1929 1203 1990 clarissimo
1233 1930 1358 1990 viro
1388 1929 1653 2010 mihique
1684 1937 1739 1991 et
1769 1947 1930 1992 nunc
1960 1935 2020 1989 et
2047 1927 2240 2009 quoad
2269 1927 2434 1989 licuit
2462 1929 2606 1989 ami-

365 2015 602 2075 cissimo
617 2010 682 2092 ⁷).
742 2014 817 2075 Μ.
851 2014 1125 2085 Crassus,
1170 2032 1423 2092 quocum
1458 2015 1603 2076 mihi
1635 2031 1843 2076 omnes
1873 2019 2044 2075 erant
2070 2013 2361 2074 amicitiae
2392 2029 2604 2074 neces-

362 2098 675 2169 situdineS,
728 2101 817 2159 vir
870 2100 1252 2170 fortissimuS,
1309 2098 1381 2160 ab
1426 2098 1633 2161 eadem
1673 2098 1773 2160 illa
1813 2106 1980 2179 peste
2017 2098 2430 2161 infestissimus
2472 2115 2603 2160 esse

362 2185 512 2244 meis
541 2184 794 2245 fortunis
822 2183 1299 2264 praedicabatur.
1352 2183 1414 2245 C.
1448 2183 1683 2257 Caesar,
1714 2185 1817 2264 qui
1846 2202 1879 2244 a
1908 2202 2007 2245 me
2037 2181 2198 2244 nullo
2227 2200 2363 2243 meo
2394 2183 2603 2244 merito

362 2266 591 2329 alienus
633 2287 762 2331 esse
806 2266 1151 2348 debebatss),
1191 2269 1650 2332 inimicissimus,
1681 2287 1809 2330 esse
1849 2285 2017 2329 meae
2058 2265 2232 2329 saluti
2273 2266 2347 2328 ab
2391 2266 2601 2328 eodem

361 2403 418 2456 in
443 2400 494 2456 d.
519 2400 690 2457 Reihe
715 2402 856 2457 auch
881 2400 988 2458 Cic.
1013 2401 1124 2465 auf,
1149 2402 1206 2457 in
1232 2402 1431 2459 dessen
1534 2430 1602 2440 —
1627 2401 1705 2457 St.
1718 2405 1832 2465 176,
1858 2405 1906 2455 2.
1924 2400 2048 2464 -5)
2075 2397 2204 2456 Ueb.
2231 2398 2281 2454 d.
2307 2398 2592 2479 demagog.

358 2469 637 2526 Interesse
663 2468 879 2525 Sestius
904 2470 1025 2525 sich
1059 2486 1128 2525 an
1148 2469 1198 2525 d.
1223 2469 1431 2526 wilden
1534 2468 1812 2525 Tribunen
1835 2468 1903 2524 P.
1930 2467 2185 2530 Clodius,
2223 2467 2323 2522 der
2346 2466 2599 2525 welhet·

292 2574 299 2579 .
358 2536 803 2605 Parteikampfen
883 2536 1176 2606 hetheiligt
1258 2539 1429 2593 hatte.
1480 2572 1494 2589 .
1534 2553 1651 2594 was
1676 2535 1869 2593 besser
1894 2551 2154 2604 gewesen
2177 2534 2258 2591 als
2284 2535 2403 2591 sein
2422 2534 2601 2591 durch

363 2603 470 2661 Cic.
496 2603 724 2660 benutzt
749 2605 937 2661 diesen
952 2605 1166 2668 Anlass,
1192 2621 1286 2661 um
1311 2606 1429 2662 sich
1535 2604 1687 2661 Cic.’s
1713 2603 1898 2660 Reden
1931 2602 2303 2671 begrundeter
2325 2601 2438 2658 Rus
2465 2601 2516 2658 h.
2544 2603 2595 2659 d.

362 2671 670 2740 eingehend
742 2672 880 2728 fiber
951 2673 1069 2728 sein
1132 2672 1429 2730 Verhalten
1531 2672 1842 2736 Nachwelt,
1878 2672 1955 2729 St.
1982 2676 2105 2734 140,
2144 2675 2190 2727 1.
2236 2697 2305 2709 --
2349 2685 2598 2727 scurrae

361 2740 630 2796 wahrend
655 2738 754 2796 der
778 2739 998 2796 Sturme
1025 2738 1121 2795 des
1147 2741 1193 2796 J.
1217 2745 1309 2804 58,
1333 2741 1428 2796 de·
1531 2740 1838 2807 locupletes
1847 2735 2594 2804 -„wohlsituierteStutzer,

362 2820 470 2863 nen
498 2825 558 2864 er
582 2808 788 2864 durchs
799 2806 916 2862 Exil
942 2809 1205 2871 auswich,
1232 2824 1429 2864 auszu·
1533 2806 1917 2875 vermogende,
1942 2805 2087 2861 leine
2110 2805 2371 2873 Herren“,
2404 2804 2594 2883 Haut.
2637 2854 2640 2857 .

363 2876 654 2945 sprechen.
705 2903 769 2912 —
818 2891 932 2930 non
981 2876 1179 2930 deesse
1227 2891 1273 2930 e.
1313 2874 1428 2930 Dat.
1532 2876 1679 2931 Trin.
1707 2878 1752 2937 1,
1776 2879 1826 2936 2,
1854 2878 1978 2927 165:
2025 2872 2162 2927 nihil
2198 2879 2283 2927 est
2313 2872 2593 2940 periurius

359 2942 579 3010 „vollig
615 2945 896 3009 geuugen,
932 2941 1139 3009 gewiss
1171 2940 1432 2997 hefriedi·
1531 2956 1697 3010 quam
1737 2940 1820 2996 illi
1852 2939 2048 2996 urbani
2083 2938 2299 3017 assidui·
2331 2940 2418 3003 (a
2441 2939 2594 2995 locu-

361 3010 521 3078 gen.“
549 3038 611 3047 —
638 3011 693 3074 2)
716 3009 849 3064 boni
870 3037 938 3047 —
963 3008 1331 3073 „Patrioten‘·,
1360 3026 1428 3064 zu
1528 3009 1737 3076 pletas,
1787 3025 1855 3065 zu
1889 3006 1968 3063 St.
1992 3010 2087 3071 98,
2120 3006 2204 3070 18)
2252 3020 2399 3060 clves
2487 3021 2590 3062 uos

359 3079 438 3135 St.
468 3080 588 3140 141,
619 3080 701 3132 13.
751 3104 819 3115 --
861 3078 1102 3156 proprie
1147 3078 1429 3144 enixeque
1532 3091 1778 3133 scurras
1801 3081 2025 3138 vocant;
2059 3073 2183 3130 hier
2215 3071 2333 3129 also
2366 3072 2424 3127 in
2496 3072 2591 3131 ‘es

358 3146 500 3210 „mit
539 3142 903 3200 besonderem
929 3142 1078 3199 Eifer
1110 3144 1224 3200 und
1254 3143 1428 3199 Nach-
1531 3143 1627 3200 alt.
1660 3144 1908 3212 Bedeutg
1948 3159 2017 3198 zu
2049 3140 2262 3198 fassen:
2297 3139 2588 3204 „Pflaster-

358 3212 582 3276 druck“,
609 3211 754 3268 Iust.
784 3215 864 3274 15,
892 3217 937 3276 1,
961 3216 1020 3267 4:
1046 3209 1253 3267 bellum
1277 3219 1426 3269 terra
1530 3218 1720 3276 treter,
1743 3211 2039 3274 Flaneur“;
2067 3215 2254 3289 spater
2279 3207 2588 3277 allgeme1n.

357 3281 607 3350 marique
636 3281 810 3337 enixe
834 3280 1213 3336 instruunt.-—
1231 3281 1284 3345 3)
1310 3296 1426 3335 non
1529 3277 1781 3335 ohschon
1804 3278 1944 3334 auch
1968 3276 2020 3333 h.
2047 3276 2180 3341 Cic„
2206 3275 2584 3346 „Spassvogel

357 3363 514 3404 unus
552 3355 781 3411 aue-ior,
817 3349 924 3404 sed
953 3349 1079 3403 dux
1122 3376 1190 3384 —
1236 3347 1423 3410 „nicht
1528 3363 1637 3403 von
1659 3345 2592 3403 Profession“.--testamentarius

357 3432 465 3472 nur
489 3415 587 3472 der
610 3415 868 3482 alleinige
893 3413 1154 3479 Urheher,
1180 3415 1423 3471 sondern
1526 3442 1595 3455 --
1620 3432 1689 3471 zu
1713 3414 1793 3471 St.
1821 3418 1941 3478 139,
1970 3417 2051 3469 16.
2091 3441 2163 3452 -—
2201 3413 2253 3476 6)
2278 3411 2589 3479 reprehen-

356 3483 541 3541 wohei
564 3485 654 3540 ich
677 3484 818 3541 auch
844 3482 942 3539 der
964 3483 1148 3540 Leiter
1169 3511 1237 3521 —-
1259 3511 1326 3522 -
1350 3510 1418 3521 -
1527 3484 1689 3540 deret
1709 3511 1781 3523 ——
1812 3486 2101 3538 maereret
2122 3503 2193 3558 —j
2213 3477 2591 3545 „sandali—-

355 3567 615 3620 gewesen
639 3554 819 3616 war“;
846 3567 998 3608 unus
1022 3552 1083 3607 in
1104 3551 1418 3620 anticipier-
1511 3549 1803 3607 ⁴betrauert
1834 3548 2053 3611 hatte“,
2088 3561 2199 3601 w1e
2222 3547 2284 3600 A.
2308 3550 2366 3599 3:
2422 3544 2588 3601 debe·

355 3628 469 3673 tem
494 3619 799 3686 Gegensatz
831 3637 898 3675 zu
932 3621 1205 3685 omnium,
1241 3635 1312 3675 zu
1335 3618 1415 3674 St.
2545 3678 2548 3679 a

356 3689 479 3748 165,
505 3690 554 3740 9.
596 3713 663 3724 --
701 3704 758 3752 p.
786 3692 823 3741 t.
847 3687 1121 3744 deberent
1157 3713 1226 3725 -
1259 3687 1417 3750 „hat-
1519 3685 1693 3741 druck
1715 3681 1977 3739 rasender
2000 3679 2405 3743 Leidensohart,
2443 3679 2585 3737 Sest.

356 3760 452 3808 ten
494 3751 655 3807 dafur
695 3751 1071 3817 aufkommen,
1116 3754 1417 3816 einstehen,
1522 3755 1614 3806 142
1672 3751 1769 3806 illa
1813 3750 1981 3817 furia
2020 3764 2084 3805 ac
2120 3748 2301 3828 pestis
2346 3747 2581 3816 patriam

358 3817 742 3877 sicherstellen
789 3822 1075 3884 mussen“;
1141 3818 1280 3876 iiber
1325 3820 1420 3876 das
1521 3819 1641 3874 Liv.
1674 3822 1765 3881 21,
1803 3820 1895 3871 10:
1954 3817 2104 3872 hunc
2148 3830 2401 3870 luvenem
2446 3820 2586 3869 tam-

352 3885 509 3956 lmpf.
547 3886 604 3941 in
638 3885 772 3942 dieS.
806 3884 974 3942 Sinne
1005 3887 1079 3943 B.
1106 3887 1143 3953 8
1173 3890 1288 3950 223,
1313 3892 1346 3939 2
1371 3905 1418 3943 a.
1520 3901 1686 3955 quam
1707 3885 1930 3955 furiam
1953 3883 2127 3940 facem
2169 3899 2239 3939 ue
2262 3881 2427 3937 huius
2450 3878 2586 3936 h'elli

353 3955 433 4011 M.
458 3955 496 4021 8
520 3958 637 4010 643.
684 3953 755 4008 Ε.
781 3952 838 4009 S.
864 3952 901 4018 8
924 3957 1041 4016 247,
1069 3960 1120 4017 1,
1146 3955 1208 4010 A.
1236 3959 1282 4010 1.
1352 3958 1419 4009 Κ.
1523 3953 1616 4010 odi
1639 3968 1706 4009 ac
1728 3952 1977 4009 detestor
2001 3952 2129 4019 (alm
2155 3992 2168 4006 .
2200 3949 2417 4030 scelus,
2447 3962 2582 4026 per-

354 4023 392 4088 8
418 4025 515 4077 106
541 4039 586 4077 a.
631 4049 699 4061 -
744 4021 799 4085 4)
824 4034 1034 4087 operae
1065 4049 1134 4059 —-
1166 4030 1417 4078 concret:
1522 4022 1705 4077 uicies
1743 4035 1797 4076 u.
1824 4021 1910 4085 a.).
1932 4046 2002 4059 --·
2024 4018 2216 4086 quoad
2243 4015 2430 4096 lupun,
2467 4029 2583 4095 em-

355 4089 667 4153 „Arbeiter,
704 4087 1163 4152 Helfershell'er“.
1205 4087 1344 4144 Phil.
1371 4093 1417 4153 1,
1523 4087 1899 4145 schrankende
1920 4085 2242 4152 Wendung,
2286 4081 2451 4139 msof.
2494 4096 2583 4137 em

356 4161 413 4211 9:
474 4155 773 4213 multitudo
830 4157 1136 4218 conducta.
1206 4171 1419 4223 operae
1560 4173 1659 4213 anz
1703 4171 1869 4236 enges
1912 4151 2254 4210 Verbaltniss
2302 4149 2584 4231 zwisclien

356 4225 743 4283 mercenariae.
790 4252 858 4263 —
905 4239 1004 4280 res·
1027 4223 1167 4279 mihi
1187 4228 1274 4281 est
1291 4239 1419 4280 cum
1561 4224 1719 4281 eiden
1750 4238 1841 4280 me
1874 4221 2157 4281 stattlaud.
2203 4246 2271 4259 —
2318 4222 2352 4273 8
2374 4218 2493 4286 (qm
2513 4242 2588 4267 .-

1520 3624 1668 3675 rent.
1688 3645 1759 3658 --
1783 3616 1835 3681 7)
1858 3615 2027 3684 furia
2051 3642 2115 3652 —
2141 3611 2290 3680 sing.
2312 3628 2435 3667 zum
2445 3612 2587 3668 Aus-
2689 3650 2694 3657 -
