2975 4842
1363 252 1444 263 --
1537 215 1826 278 142-

470 405 658 467 genus
697 385 1157 466 philosophandi
1198 387 1441 449 minime
1480 385 1773 465 adrogans
1816 389 2189 467 maximeque
2231 396 2290 449 et
2330 395 2606 449 constans
2649 397 2717 450 et

383 486 387 497 ⁴
471 472 715 551 elegans
774 472 1234 542 arbitraremur,
1292 478 1573 552 quattuor
1623 473 2000 534 Academicis
2044 471 2218 541 libris
2265 473 2630 535 ostendimus
2644 469 2713 548 ²).

469 554 730 636 Cumque
762 556 1214 617 fundamentum
1255 558 1412 619 esset
1449 555 1859 636 philosophiae
1899 558 2156 635 positum
2175 559 2248 618 in
2282 560 2504 632 finibus
2531 560 2713 619 bono-

432 642 436 647 ’
466 660 603 704 rum
630 650 690 703 et
717 645 1043 711 maloi-unt,
1074 650 1472 720 perpurgatus
1502 643 1670 703 estis
1697 640 1864 702 locus
1879 638 1921 718 3)
1964 661 1996 703 a
2027 642 2199 703 nobis
2228 643 2488 723 quinque
2517 640 2711 712 libris,

465 726 704 809 utquid
733 745 767 787 a
816 743 1053 805 quoque
1093 732 1151 785 et
1191 726 1332 806 quid
1375 732 1581 787 contra
1621 743 1916 806 quemque
1958 726 2714 806 philosophum-”diceretur

466 810 731 889 intellegi
785 819 1003 889 posset.
1091 809 1364 872 Totidem
1410 808 1713 873 subsecuti
1753 809 1891 871 libri
1928 811 2405 897 Tusculanarum
2434 813 2713 889 disputa-

466 899 687 957 tionum
710 912 808 956 res
830 895 905 956 ad
933 895 1109 956 beate
1138 895 1450 957 vivendum
1479 895 1733 957 maxime
1761 898 2127 957 necessarias
2148 904 2532 977 aperuerunt.
2553 952 2558 955 .
2577 898 2712 959 Pri-

466 999 600 1042 mus
628 981 787 1041 enim
820 987 909 1041 est
937 979 1011 1041 de
1042 980 1472 1041 contemnenda
1498 986 1708 1050 morte,
1738 981 2034 1042 secundus
2055 982 2131 1062 de
2151 981 2459 1043 tolerando
2481 981 2714 1054 dolore,

469 1066 542 1127 de
583 1064 954 1143 aegritudine
995 1063 1268 1126 lenienda
1309 1066 1554 1135 tertius,
1595 1072 1843 1145 quartus
1886 1064 1960 1127 de
1990 1065 2234 1144 reliquis
2262 1069 2442 1128 animi
2472 1074 2714 1146 pertur-

465 1149 838 1219 bationibus3
882 1152 1126 1229 quintus
1166 1167 1300 1211 eum
1340 1149 1538 1213 locum
1580 1148 1923 1229 complexus
1966 1159 2057 1212 est
2100 1152 2201 1231 qui
2231 1158 2419 1213 totam
2448 1151 2713 1231 philoso-

465 1234 666 1315 phiam
694 1236 951 1296 maxime
979 1234 1260 1296 illustrat:
1296 1234 1474 1296 docet
1504 1236 1662 1295 enim
1693 1235 1765 1295 ad
1796 1232 1967 1296 beate
1997 1236 2309 1298 vivendum
2339 1238 2617 1298 virtutem
2646 1255 2714 1298 se

469 1322 595 1400 ipsa
629 1336 757 1380 esse
787 1327 1125 1380 contentam
1141 1317 1206 1397 4).
2093 1354 2096 1357 -
2487 1344 2492 1347 ·
2633 1372 2638 1377 .

637 1402 864 1474 Quibus
893 1402 1075 1464 rebus
1105 1402 1276 1463 editis
1304 1412 1428 1465 tres
1456 1401 1594 1464 libri
1622 1404 1872 1484 perfecti
1913 1413 2051 1466 sunt
2080 1407 2157 1467 de
2183 1413 2411 1468 natura
2440 1407 2708 1475 demum,

466 1488 530 1548 in
561 1487 775 1567 quibus
805 1488 996 1548 omnis
1025 1490 1152 1548 eius
1181 1486 1298 1548 loci
1328 1489 1592 1566 quaestio
1634 1490 1987 1551 continetur.
2047 1490 2211 1562 Quae
2252 1497 2317 1551 ut
2345 1491 2520 1570 plene
2552 1499 2711 1551 esset

468 1570 878 1653 cumulateque
906 1571 1199 1651 perfecta,
1237 1574 1312 1634 de
1340 1575 1703 1635 divinatione
1729 1575 1984 1653 ingressi
2006 1593 2211 1636 sumus
2240 1575 2334 1637 his
2361 1574 2528 1636 libris
2559 1577 2707 1636 scri-

468 1655 613 1718 bere
631 1653 696 1738 5).
758 1655 1016 1727 Quibus,
1050 1663 1116 1718 nt
1145 1665 1235 1718 est
1261 1659 1322 1719 in
1355 1659 1584 1733 animo,
1615 1660 1691 1720 de
1713 1659 1852 1732 fato
1881 1661 1930 1721 si
1959 1660 2420 1729 adiunxerimus,
2465 1660 2579 1723 erit
2607 1659 2710 1722 ab·

465 1742 626 1804 unde
670 1744 809 1803 satis
852 1742 1070 1803 factum
1116 1743 1223 1804 toti
1263 1742 1400 1803 huic
1442 1744 1786 1822 quaestioni.
1879 1744 2068 1824 Atque
2107 1744 2201 1806 his
2229 1743 2397 1807 libris
2427 1744 2711 1806 adnume-

466 1827 639 1888 randi
681 1834 821 1888 sunt
862 1845 965 1888 sex
996 1829 1072 1888 de
1098 1845 1168 1888 re
1190 1829 1465 1904 publica,
1500 1846 1648 1908 quos
1678 1835 1820 1889 tunc
1850 1830 2211 1909 scripsimus,
2246 1847 2379 1891 cum
2412 1828 2708 1915 guberna,-

469 1910 599 1973 cula
657 1913 748 1973 rei
805 1911 1076 1991 publicae
1136 1911 1481 1976 tenebamus
1498 1910 1561 1990 6).
1653 1913 1899 1989 Magnus
1955 1913 2122 1975 locus
2163 1914 2707 1996 ‚philosophiaeque

467 1999 749 2077 proprius
773 2015 806 2058 a
830 1995 1094 2066 Platone,
1126 1996 1457 2067 Aristotele,
1481 1997 1895 2077 Theophrasto
1920 2006 2160 2079 totaque
2184 2000 2711 2079 Peripateticorum

469 2080 687 2141 familia
738 2087 1026 2143 tractatus
1078 2080 1379 2142 uberrime
1395 2079 1458 2162 ⁷).
1495 2096 1582 2126 ·--
1628 2082 1773 2145 Nam
1830 2083 1970 2163 quid
2026 2102 2135 2163 ego
2195 2086 2271 2145 de
2319 2089 2715 2147 consolatione

471 2249 524 2312 2)
572 2247 678 2304 Der
724 2247 1072 2305 Hortensius
1122 2250 1338 2305 scheint
1382 2249 1542 2305 mehr

470 2315 595 2372 eine
617 2314 893 2372 Einleitun
959 2332 1003 2372 z.
1027 2316 1080 2372 d.
1105 2317 1309 2386 philos.
1330 2317 1540 2374 Schrif-

370 2444 373 2447 ,
467 2390 564 2439 ten
598 2400 698 2440 zur
720 2331 1179 2466 Rechtferugung
1212 2385 1307 2441 des
1344 2385 1542 2442 Unter·

468 2450 699 2518 sangens
726 2466 986 2519 gewesen
1011 2470 1078 2508 zu
1098 2468 1234 2515 sein,
1256 2453 1336 2508 als
1356 2461 1536 2522 syste-

471 2518 736 2574 matische
777 2518 1130 2587 Darstellung
1171 2519 1379 2584 selber,
1430 2521 1538 2576 wie

471 2585 559 2641 die
583 2584 718 2653 folg.
742 2586 961 2643 Werke.
987 2615 1055 2625 -
1088 2589 1220 2642 min.
1245 2589 1538 2656 adroqans

469 2681 538 2691 —-
565 2652 1267 2722 „dieanspruchslosestm
1310 2672 1396 2711 am
1419 2673 1535 2712 we·

473 2720 695 2788 nigsten
720 2736 878 2788 gewa
919 2729 975 2778 te
986 2724 1032 2785 “‚
1077 2722 1239 2778 nami.
1274 2721 1535 2786 sachlich,

469 2804 597 2844 vom
617 2790 834 2852 Thema,
899 2806 957 2846 as
983 2790 1101 2846 sich
1127 2791 1264 2846 nach
1282 2792 1536 2847 mensch-

472 2855 671 2912 lichem
705 2857 927 2913 Wissen
959 2861 1210 2914 erortern
1243 2858 1418 2921 lasse,
1467 2876 1535 2915 zu

474 2926 782 2988 verstehen,
810 2926 964 2981 nicht
985 2942 1093 2982 von
1119 2925 1438 2983 derPerson
1452 2927 1537 2983 Gi-

469 2993 670 3054 cero’s,
714 2993 812 3048 der
838 3000 983 3049 etwa
1015 2994 1168 3050 nicht
1200 2994 1338 3051 dazu
1371 2993 1535 3051 beru-

467 3059 561 3115 fen
584 3061 704 3116 sein
727 3061 951 3117 konnte.
977 3090 1039 3100 -
1064 3063 1118 3127 3)
1137 3064 1287 3132 fines
1309 3090 1379 3101 ·--
1401 3062 1534 3128 „das

466 3127 724 3191 Hochste,
746 3129 834 3184 die
852 3135 1133 3186 ausserste
1145 3129 1370 3193 Grenze,
1383 3130 1537 3187 Voll-

472 3194 745 3263 endung“,
771 3195 861 3251 fin.
887 3202 934 3259 3,
963 3202 1019 3252 7:
1069 3195 1258 3253 licebit
1286 3199 1446 3254 etiam
1468 3200 1538 3265 fi-

469 3276 599 3316 nem
616 3278 720 3345 pro
743 3270 985 3320 extremo
1007 3271 1100 3320 aut
1118 3264 1315 3321 ultimo
1337 3267 1535 3329 dicere,

469 3343 550 3396 gr.
580 3332 744 3390 τελος
767 3328 909 3398 (ib.);
937 3329 1054 3388 also
1072 3352 1142 3376 =
1159 3348 1370 3388 summa
1395 3332 1539 3390 bona

471 3402 526 3452 et
567 3396 733 3458 mala:
793 3396 942 3465 sing.
979 3400 1118 3466 finis
1164 3398 1439 3457 bonorum
1484 3407 1541 3457 et

467 3465 626 3520 med..-
650 3464 744 3521 off.
768 3470 817 3528 3,
845 3469 910 3519 33
921 3483 937 3529 ;
959 3467 1095 3532 finis
1118 3466 1425 3524 bonorum.-
1461 3467 1535 3525 ib.

470 3538 516 3599 1,
543 3538 602 3596 3:
628 3532 719 3590 fin.
743 3539 791 3597 3,
819 3536 900 3588 14.
938 3562 1006 3572 -—-
1039 3534 1091 3599 3)
1120 3533 1281 3591 locus
1303 3563 1372 3574 -—-
1395 3536 1537 3600 „Ge-

468 3602 753 3668 genstand,
780 3600 935 3668 Stoff,
954 3600 1298 3667 Abschnitt“,
1316 3625 1385 3650 ==
1409 3603 1536 3660 fons

467 3668 858 3737 disputationis
877 3688 921 3726 S.
942 3670 1318 3739 expositionis,
1339 3687 1422 3740 gr.
1440 3667 1536 3725 τό-

465 3753 600 3801 πος,
638 3753 776 3793 sow.
809 3737 866 3793 in
909 3740 1194 3795 weiterem
1227 3738 1394 3796 Sinne
1425 3741 1536 3796 wie

466 3804 590 3861 hier
610 3805 1069 3874 ==Hauptthema,
1096 3805 1176 3862 als
1202 3807 1258 3862 in
1277 3823 1534 3875 engerem

465 3893 536 3918 =
558 3871 711 3928 Theil
735 3871 1053 3935 desselben,
1081 3874 1190 3930 wie
1213 3875 1533 3935 weiterhin:

466 3939 694 4008 quintus
744 3956 868 3996 eum
916 3940 1109 3997 locum·
1133 3948 1288 4007 cett.;
1337 3944 1395 3999 in
1430 3943 1539 3999 den

465 4007 668 4076 philos.
718 4008 826 4064 wie
874 4009 1082 4065 rhetor.
1117 4008 1395 4067 Schriften
1437 4028 1538 4067 un·

468 4073 686 4130 endlich
722 4075 866 4131 haufi
913 4118 925 4130 .
973 4104 1041 4114 -—
1083 4092 1448 4146 perpuryare
1469 4107 1538 4117 -

467 4141 627 4206 „aufs
670 4141 841 4199 Reine
872 4091 1140 4224 {ringem
1197 4145 1537 4226 erledigen“,

466 4207 601 4264 Mur.
645 4214 739 4265 26:
800 4218 996 4267 ternus
1044 4213 1205 4270 locus
1254 4215 1536 4277 orationis,

1642 2256 2036 2319 perpurqatus
2061 2252 2129 2308 ab
2159 2252 2235 2308 eis
2259 2253 2501 2321 quiante
2525 2268 2613 2309 me
2631 2252 2710 2309 di-

1642 2325 1867 2400 xerunt,
1911 2336 1941 2374 a
1982 2335 2070 2375 me
2112 2321 2510 2402 retractandus
2549 2350 2618 2358 —
2657 2323 2714 2385 4)

1641 2402 1874 2533 wgaf
1896 2404 2123 2510 *xz-s
2140 2387 2713 2512 winwed

1642 2528 1717 2577 tla
1751 2521 2058 2579 definiendo
2094 2540 2131 2578 a
2171 2525 2411 2580 erienda
2446 2532 2555 2587 est,
2593 2524 2711 2579 hier

1641 2587 1785 2644 freil.
1824 2589 1968 2644 ohne
2011 2596 2127 2647 star
2165 2607 2259 2647 ere
2289 2592 2582 2659 Betonung
2613 2591 2707 2647 des

1641 2655 1829 2712 bisher
1874 2656 2373 2726 verborgenseins,
2430 2659 2521 2715 od.
2568 2658 2710 2715 doch

1640 2740 1748 2779 nur
1766 2722 1859 2779 hir
1875 2722 2167 2782 Romische
2184 2725 2366 2783 Leser.
2384 2755 2450 2765 -
2475 2728 2527 2792 5)
2545 2728 2711 2794 plene

1640 2791 1848 2847 cumul.
1870 2794 2152 2860 perficere
2175 2822 2244 2832 -—
2266 2794 2639 2863 „vollstandig
2655 2812 2710 2850 u.

1720 2966 1733 2980 .
1812 2969 1825 2989 ,
1940 2947 1953 2984 ε
2338 2948 2372 2985 x
2668 2950 2709 2994 .;

1640 2996 1751 3052 Att.
1785 3000 1841 3060 6,
1875 3000 1933 3051 3:
1983 2999 2268 3054 cumulate
2314 2947 2464 3054 sagis
2541 2947 2711 3054 aege

1640 3062 1949 3133 publicanis
1978 3064 2273 3132 (abunde).
2307 3093 2376 3104 -
2408 3067 2461 3132 6)
2528 3066 2579 3121 ie
2602 3065 2712 3122 Ba-

1642 3132 1775 3186 cher
1798 3148 1921 3187 vom
1945 3130 2114 3188 Staat
2128 3132 2346 3190 schrieb
2366 3133 2472 3189 Cic.
2491 3137 2560 3186 54
2577 3132 2631 3190 ff.
2656 3151 2713 3190 u.

1643 3197 1748 3266 gab
1773 3199 1854 3254 sie
1877 3216 1980 3255 vor
2004 3198 2103 3257 der
2125 3201 2285 3257 Reise
2311 3203 2451 3258 nach
2473 3199 2714 3257 Kilikien

1642 3267 1749 3331 (51)
1799 3266 2026 3331 heraus;
2076 3268 2164 3325 die
2209 3269 2530 3336 Wendung:
2578 3276 2715 3326 tunc

1642 3349 1768 3389 cum
1802 3334 2174 3401 gubernacula
2207 3353 2250 3392 r.
2296 3353 2351 3406 p.
2390 3335 2712 3393 tenebamus
2817 3358 2823 3362 ·

1643 3430 1706 3439 —
1732 3401 1851 3458 also
1871 3402 2026 3458 nicht
2044 3411 2238 3473 streng
2255 3421 2321 3460 zu
2340 3405 2592 3467 nehmen,
2616 3403 2716 3460 oh·

1640 3469 1793 3525 wohl
1814 3468 1921 3526 Cic.
1941 3470 2061 3527 sich
2081 3486 2219 3539 gern
2235 3470 2376 3528 uber
2395 3472 2586 3531 seinen
2613 3487 2715 3541 po·

1640 3536 1722 3592 lit.
1748 3535 2001 3600 Einfluss,
2028 3540 2169 3596 auch
2188 3540 2328 3595 nach
2354 3537 2454 3597 der
2472 3538 2713 3595 Verban-

1639 3618 1792 3684 nung
1848 3607 2018 3670 noch,
2085 3606 2143 3662 in
2214 3606 2717 3688 Selbsttauschung·

1636 3676 2005 3807 Ὴὶεοῗῗινῖεε
2020 3674 2716 3824 Ίὲρῐὶέῗῗεοῇἴδὲἰξιὲὶθὶῗθιιιιῖ

1639 3808 1718 3864 St.
1731 3811 1813 3870 67,
1839 3812 1964 3864 9.—
2010 3810 2209 3866 amtlaea
2234 3838 2299 3848 —
2321 3809 2577 3875 ,„Schaar,
2603 3811 2715 3864 An-

1639 3876 1920 3943 bauga-⁴⁴,
2015 3876 2163 3946 aufig
2212 3895 2260 3933 v.
2299 3876 2716 3949 Schauspieler-

1644 3943 1752 4019 od..
1780 3943 2400 4016 Gladiatorentruppen,
2449 3962 2560 4001 von
2607 3943 2710 4000 Ge-

1639 4009 1857 4067 lehrten
1883 4011 2116 4076 seltner,
2155 4014 2205 4070 d.
2230 4030 2313 4070 or.
2339 4017 2385 4094 t,
2413 4017 2504 4068 10:
2529 4011 2714 4082 philo·

1640 4079 1979 4209 ,1th
1993 4095 2201 4227 aaa
2222 4080 2713 4230 aestuis

1640 4214 2025 4271 dissentientes
2050 4223 2196 4271 mter
2230 4233 2315 4280 se;
2355 4233 2460 4273 mv.
2486 4221 2544 4282 2,
2568 4221 2627 4280 3,
2653 4218 2719 4268 8:
