2975 4842
1202 247 1672 312 -161--

480 420 671 502 (Legg.
716 425 772 496 1·,
823 423 896 494 8,
954 423 1034 478 24
1075 418 1137 497 f.)
1191 452 1276 465 -
1313 418 1526 480 Ex'tot
1567 419 1888 498 generibus
1927 417 2157 481 nullum
2197 429 2287 481 est
2336 419 2558 483 animal

300 513 546 586 praeter
576 504 877 565 hominem
911 503 1069 583 quod
1099 503 1315 567 habeat
1342 503 1610 565 notitiam
1641 503 1768 572 dei;
1811 505 2075 584 ipsisque
2114 506 2177 565 in
2218 500 2558 578 hominibus

310 588 473 651 nulla
504 604 660 667 gens
683 595 771 650 est
801 606 996 668 neque
1020 597 1137 649 tam
1160 594 1469 649 mansueta
1499 605 1693 666 neque
1723 599 1842 650 tam
1875 588 2002 649 fera
2024 606 2174 668 quae
2205 605 2346 658 non,
2378 583 2559 650 etiam

302 676 356 736 si
384 676 623 753 ignoret
653 671 888 753 qualem
921 672 1143 734 habere
1174 673 1348 735 deum
1382 672 1609 741 deceat,
1642 680 1841 733 tamen
1872 671 2212 734 habendum
2241 674 2403 737 sciat.
2466 673 2557 734 Ex

297 778 424 839 fquo
469 756 940 829 efficitur-illud,
985 765 1051 819 ut
1090 758 1139 819 is
1181 765 1462 835 agnoscat
1492 756 1667 818 deum
1701 758 1829 836 qui,
1873 756 2033 818 unde
2064 763 2231 817 ortus
2260 759 2355 828 sit,
2389 758 2557 835 quasi

304 843 660 904 recordetur
690 852 750 903 et
779 840 1175 921 cognoscat7).
1214 841 1339 905 Iam
1362 860 1501 903 vero
1532 843 1715 903 virtus
1746 842 1954 902 eadem
1982 843 2045 902 in
2077 841 2317 905 homine
2348 860 2416 903 ac
2440 842 2553 904 deo

304 934 398 989 est
424 945 620 1007 neque
641 926 754 988 alio
786 926 908 988 ullo
937 928 1181 1005 ingenio
1194 924 1238 1005 8)
1272 934 1603 1007 praeterea.
1647 927 1753 988 Est
1776 933 1974 988 autem
1997 926 2184 987 virtus
2213 926 2361 987 nihil
2392 926 2554 988 aliud

304 1013 420 1073 nisi
457 1012 725 1091 perfecta
776 1009 838 1072 et
874 1012 949 1073 ad
992 1030 1287 1072 summum
1330 1010 1620 1090 perducta
1660 1017 1889 1072 natura.
1949 1011 2056 1072 Est
2093 1012 2274 1089 igitur
2326 1011 2554 1072 homini

301 1114 442 1158 cum
475 1097 588 1157 deo
621 1095 942 1157 similitudo
957 1095 1023 1176 9).
1174 1160 1180 1165 ,

376 1203 382 1208 ·
479 1179 548 1261 (d.
582 1193 692 1241 nat.
725 1185 876 1241 deor.
908 1184 1003 1256 ΙΙΙ,
1049 1194 1085 1242 ὲ,
1145 1228 1162 1256 ,
1209 1178 1332 1259 92.)
1365 1215 1448 1225 —-
1477 1178 1637 1240 Nihil
1668 1187 1758 1241 est
1786 1179 1944 1259 quod
1985 1178 2130 1240 deus
2162 1178 2399 1240 efficere
2431 1197 2554 1239 non

304 1267 508 1344 possit,
544 1272 601 1326 et
631 1265 871 1344 quidem
903 1267 1031 1325 sine
1060 1264 1266 1325 labore
1296 1263 1442 1325 ullo.
1486 1264 1563 1324 Ut
1586 1264 1742 1324 enim
1769 1264 2075 1326 hominum
2102 1263 2370 1325 membra
2391 1262 2552 1326 nulla

301 1350 687 1411 contentione
717 1356 917 1411 mente
947 1351 1071 1431 ipsa
1102 1368 1173 1410 ac
1203 1348 1502 1410 voluntate
1533 1355 1876 1417 moventur,
1910 1349 1997 1409 sic
2025 1349 2271 1408 numine
2302 1348 2554 1409 deorum

305 1435 499 1495 omnia
531 1435 690 1513 fingi,
724 1436 951 1495 moveri
979 1435 1315 1514 mutarique
1339 1429 1695 1513 possunt10).
1728 1467 1812 1477 ——
1846 1434 1937 1514 (ib.
1970 1436 2043 1507 Π,
2077 1436 2180 1508 22,
2213 1432 2333 1512 58.)
2368 1467 2445 1477 -
2478 1433 2557 1494 Ut

306 1527 541 1580 ceterae
572 1528 817 1580 naturae
847 1521 969 1580 suis
999 1519 1322 1580 seminibus
1352 1536 1619 1597 quaeque
1651 1519 1993 1596 gignuntur,
2030 1514 2375 1594 auge'sount,
2409 1535 2553 1578 con-

303 1605 585 1674 tinentur,
618 1601 793 1682 sicu)
825 1612 1036 1665 natura
1068 1603 1275 1664 mundi
1301 1621 1509 1664 omnes
1541 1611 1736 1664 motus
1765 1601 1949 1663 habet
1976 1601 2342 1663 voluntarios
2375 1620 2552 1663 cona-

302 1696 517 1768 tusque
561 1694 620 1747 et
661 1690 1082 1767 appetitioneS,
1128 1705 1273 1764 quas
1315 1680 1518 1766 ὁρμὰς
1559 1687 1772 1746 Graeci
1800 1692 2041 1754 vocant,
2090 1685 2270 1745 ethis
2303 1704 2551 1747 consen-

302 1783 510 1834 taneas
551 1775 816 1833 actiones
846 1774 930 1832 sic
959 1770 1229 1841 adhibet,
1260 1780 1326 1833 ut
1359 1776 1591 1831 nosmet
1617 1771 1749 1849 ipsi,
1782 1772 1883 1849 qui
1913 1769 2124 1830 animis
2153 1788 2463 1831 movemur
2494 1777 2556 1831 et

303 1857 596 1918 sensibus,
658 1855 818 1917 Talis
856 1857 1035 1935 igitur
1065 1874 1236 1916 mens
1267 1855 1471 1916 mundi
1493 1872 1637 1915 cum
1681 1856 1759 1914 sit
1801 1853 1879 1914 ob
1912 1872 2159 1933 eamque
2191 1872 2429 1915 causam
2459 1853 2554 1914 vel

301 1942 616 2021 prudentia
671 1940 761 2001 vel
785 1943 1169 2017 providentia
1188 1934 1256 2020 ¹²)
1291 1938 1584 2020 appellari
1612 1947 1776 2001 recte
1806 1940 1993 2018 possit
2020 1972 2105 1983 -—-
2133 1939 2359 2000 Graece
2391 1938 2552 1999 enim

300 2022 592 2106 πρόνοια
637 2025 853 2087 dicitur
883 2061 984 2097 --‚
1026 2027 1175 2086 haec
1216 2026 1593 2105 potissimum
1635 2024 1906 2103 providet
1949 2029 2009 2083 et
2057 2025 2120 2083 in
2163 2022 2256 2082 his
2296 2026 2553 2084 maxime

304 2118 395 2172 est
438 2118 753 2189 occupata,
797 2111 1053 2189 primum
1096 2117 1161 2171 ut
1202 2109 1458 2171 mundus
1502 2126 1678 2186 quam
1723 2108 2059 2188 aptissimus
2103 2108 2179 2167 sit
2209 2107 2281 2168 ad
2313 2126 2549 2186 perma-

302 2196 596 2265 nendum,
641 2195 856 2257 deinde
886 2203 954 2256 ut
981 2194 1139 2255 nulla
1170 2213 1238 2255 re
1270 2201 1470 2273 egeat,
1514 2194 1770 2254 maxime
1812 2201 2007 2254 autem
2049 2199 2116 2253 ut
2143 2195 2206 2252 in
2236 2210 2307 2252 eo
2338 2192 2552 2253 eximia

301 2279 685 2361 pulchritudo
715 2281 790 2339 sit
819 2287 994 2359 atque
1025 2281 1219 2340 omnis
1250 2285 1496 2340 ornatus
1515 2274 1608 2358 ¹³).
1650 2312 1720 2322 —-
1757 2276 1943 2355 (Legg.
1975 2280 2048 2351 11,
2082 2281 2152 2350 7,
2198 2277 2316 2357 15.)
2348 2311 2431 2323 --
2463 2277 2554 2337 Sit

304 2366 487 2443 igitur
514 2365 631 2424 hoc
659 2366 775 2424 iam
800 2382 832 2424 a
855 2365 1146 2444 principio
1171 2381 1524 2443 persuasum
1548 2360 1789 2432 civibus,
1835 2361 2107 2422 dominos
2132 2379 2261 2422 esse
2286 2361 2551 2422 omnium

301 2467 510 2511 rerum
552 2467 621 2510 ac
663 2450 1071 2511 moderatores
1114 2449 1286 2520 deos,
1325 2466 1519 2527 ,eaque
1561 2465 1713 2528 quae
1742 2452 2030 2526 gerantur
2058 2463 2265 2506 eorum
2304 2446 2431 2524 geri
2461 2446 2551 2506 iu-

1477 2615 1653 2679 uisse:
1702 2613 1821 2670 also
1870 2613 1958 2670 ein
2003 2614 2105 2669 mit
2137 2611 2552 2680 Polytheismus

1477 2681 1817 2739 verbramter
1839 2681 2292 2741 Monotheismus.
2316 2708 2385 2718 —-
2412 2673 2552 2739 Zum

1475 2749 1630 2817 Bilde
1652 2750 1757 2806 div.
1786 2753 1838 2811 1,
1865 2753 1958 2803 53:
1996 2749 2045 2804 si
2078 2748 2277 2803 animal
2303 2764 2464 2804 omne
2487 2756 2553 2803 ut

1476 2817 1597 2872 vult
1630 2818 1707 2872 ita
1739 2817 1916 2872 utitur
1963 2823 2119 2871 motu
2161 2817 2250 2870 sui
2295 2816 2549 2883 corporis

1475 2900 1676 2951 prono,
1705 2882 1952 2950 obliquo,
1978 2882 2180 2951 supino
2199 2910 2266 2919 —-
2284 2910 2351 2918 ——
2376 2898 2553 2949 eaque

1475 2958 1605 3005 ante
1653 2948 1820 3005 efficit
1867 2965 2043 3017 paene
2128 2964 2254 3005 uam
2301 2946 2550 3004 conficit:

1477 3024 1689 3086 quanto
1737 3017 1794 3071 id
1842 3016 1945 3072 deo
1981 3022 2066 3071 est
2122 3015 2341 3078 acilius,
2391 3016 2549 3070 cuius

302 2617 414 2672 wie
438 2614 516 2671 St.
542 2620 632 2679 16,
658 2622 689 2670 3
715 2634 767 2672 u.
793 2620 885 2680 53,
911 2620 960 2671 2.
1009 2645 1076 2654 —-—
1124 2616 1288 2672 salus
1320 2621 1378 2672 et

299 2699 562 2741 conserv.
592 2683 701 2739 wie
734 2701 852 2740 vor.
887 2683 965 2739 St.
998 2685 1060 2741 Α.
1084 2689 1148 2736 41
1176 2684 1373 2752 (Text).

299 2781 366 2789 ——
402 2752 455 2818 7)
490 2753 642 2808 unde
665 2758 829 2809 ortus
853 2753 931 2808 sit
952 2779 1017 2790 -
1042 2752 1101 2809 in
1126 2751 1223 2808 der
1247 2768 1373 2807 vor·

300 2820 690 2887 ausgehenden
738 2821 880 2886 (hier
925 2819 1373 2885 ausgelassenen)

299 2887 915 2953 Auseinandersetzung
948 2886 1100 2941 hatte
1135 2886 1242 2940 Cic.
1267 2885 1374 2940 den

300 2954 428 3010 Satz
482 2954 827 3022 ausgestellt:
877 2955 1128 3008 animum
1172 2952 1374 3007 huma-

299 3039 439 3078 num
456 3037 584 3077 esse
601 3024 997 3088 inqeneratum
1016 3038 1053 3074 α
1070 3020 1175 3074 deo
1183 3042 1205 3081 ,·
1229 3017 1375 3086 folg-

299 3090 411 3146 lich
437 3089 512 3144 ist
545 3089 657 3144 ihm
685 3087 779 3143 das
807 3087 1375 3143 Gottesbewusstsein

300 3156 377 3213 im
402 3157 697 3213 Menschen
722 3173 829 3211 nur
859 3156 980 3210 eine
1003 3153 1374 3209 Rt‘iokerinne-

300 3240 447 3292 rung
477 3242 546 3280 an
582 3224 671 3280 die
704 3222 974 3292 gottliche
997 3221 1245 3277 Ahkunlt
1278 3222 1374 3277 des

302 3294 427 3361 eign
433 3293 831 3415 enSVtVfflenlsb—
842 3291 1001 3423 engi
1006 3307 1061 3412 1'1¹
1073 3290 1379 3413 rgrcorrc'izari

299 3388 367 3398 --
394 3377 462 3414 zu
553 3402 565 3414 .
659 3403 674 3422 ‚
771 3402 783 3414 .
814 3386 882 3395 -
995 3377 1013 3412 2
1167 3375 1229 3413 iu
1294 3384 1376 3420 ,““·

300 3426 675 3492 „natnrliches
709 3426 940 3488 Wesen,
974 3376 1282 3489 Natyurell“;
1317 3424 1374 3479 in

302 3495 509 3550 diesem
536 3494 703 3551 Sinne
727 3493 997 3563 sprechen
1026 3493 1116 3549 die
1141 3491 1374 3548 Schrift-

301 3561 494 3619 steller
519 3577 684 3630 sogar
707 3580 757 3617 v.
784 3564 1072 3628 inoenium
1097 3561 1371 3630 corporiS,

299 3629 440 3693 loci;
484 3629 614 3686 Tac.
649 3631 701 3686 h.
737 3633 794 3692 ὅ,
832 3633 923 3681 14:
959 3630 1135 3699 campi
1169 3636 1372 3698 suopte

298 3700 529 3763 ingenio
541 3698 848 3753 humentes
859 3725 925 3734 -
935 3698 987 3762 9)
1003 3697 1124 3753 Fast
1136 3696 1371 3752 biblisch

298 3772 523 3889 fiesagt:
551 3764 681 3820 Gen.
711 3770 755 3826 1,
777 3769 863 3818 27.
896 3792 965 3801 -
999 3765 1083 3829 10)
1109 3765 1252 3820 deus
1277 3779 1372 3819 ne-

341 3848 408 3887 en
432 3832 693 3894 deorum,
727 3830 893 3887 insol.
920 3831 1008 3888 die
1033 3830 1253 3887 Stoiker
1276 3847 1372 3886 ne-

298 3899 409 3956 hen
441 3899 565 3954 dem
597 3898 1078 3967 uranlanglichen,
1104 3896 1373 3954 selbstbe·

299 3974 552 4023 wussten
591 3966 717 4023 Gon
758 3968 904 4022 noch
937 3966 1138 4023 andere
1178 3966 1372 4020 indivi-

298 4033 486 4090 duelle
519 4034 815 4116 gottliche,
860 4033 1001 4132 froess·
1037 4033 1374 4102 gewordene

299 4101 880 4249 ’ἔᾶῗέἓὲῗέῧὲξὲιὲ
892 4102 1373 4226 ῧῗῗνῖἒεῖἓῗζὲῗὲἓε

300 4243 573 4294 stimmter
644 4238 1050 4295 menschlicher
1125 4235 1374 4292 Verbalt·

409 4326 655 4389 nunnus,
693 4340 932 4377 canuam.
970 4339 1154 4377 CIGRR.
1205 4336 1273 4373 11.

1477 3086 1702 3140 numini
1720 3091 1920 3152 parent
1944 3083 2141 3138 omnia.
2174 3112 2240 3120 —-
2274 3083 2357 3146 11)
2389 3083 2463 3138 *Ut
2486 3110 2551 3121 -

1477 3155 1565 3209 sic
1596 3180 1666 3190 —-
1696 3152 1819 3208 hier
1851 3149 2337 3230 zur.Verbindung·
2360 3157 2552 3218 entge-

1477 3236 1585 3288 gen
1627 3226 1865 3275 esetzter
1911 3218 2104 3286 Dlnge:
2160 3218 2374 3274 unsrele
2420 3217 2551 3274 Ent-

1475 3284 1588 3343 wic
1627 3286 1797 3354 elung
1819 3286 1918 3343 der
1942 3286 2227 3342 einzelnen
2241 3285 2552 3355 Geschopfe

1475 3355 1618 3411 nach
1652 3353 1831 3411 festen
1866 3355 2133 3410 Gesetzen
2169 3353 2282 3410 und
2316 3382 2383 3391 --
2411 3353 2550 3410 freie

1480 3421 2548 3490 SelbstbestimmungdesNaturganzen.

1475 3520 1545 3530 -
1567 3498 1810 3548 conatus
1833 3519 1893 3529 —
1932 3492 2305 3558 appetitiones
2327 3516 2393 3526 —
2413 3487 2550 3552 „Re-

1516 3575 1699 3641 ungen
1725 3557 2100 3679 TdTrigbth
2112 3555 2552 3678 Uffilsitlzhreilzlung:

1476 3641 1880 3772 effisssffilfsseaffl
1896 3639 2064 3759 mingo
2090 3693 2147 3744 8;
2186 3639 2550 3774 αῃῗὲίτῖίῖἰοθὲ

1477 3777 1595 3817 eam
1622 3776 1766 3816 emm
1791 3776 1913 3814 esse
1936 3756 2191 3813 volumus
2218 3775 2429 3825 ορμηνς
2458 3756 2550 3814 off.

1476 3832 1526 3891 2,
1553 3833 1610 3882 5:
1639 3827 2037 3894 appetitiones,
2114 3841 2211 3881 uas
2239 3825 2431 3881 Graeci
2453 3818 2550 3892 ὁρ-

1476 3892 1591 3963 μὰς
1615 3895 1913 3951 nominant.
1936 3907 2003 3931 -·-
2030 3841 2114 3958 12⁶5
2133 3893 2308 3960 prud.
2324 3892 2549 3960 provid.

1474 3990 1545 4000 -
1576 3962 1681 4031 vgl.
1717 3961 1794 4018 St.
1818 3966 1909 4025 48,
1936 3965 1968 4014 3
2002 3961 2137 4016 Text
2171 3977 2223 4016 u.
2250 3964 2301 4015 ὃ.
2347 3988 2415 3997 -
2464 3959 2547 4024 13)

1478 4033 1660 4087 omnis
1685 4058 1754 4068 -—
1777 4029 2044 4095 „lauter“,
2070 4028 2180 4083 wie
2205 4027 2283 4084 St.
2311 4031 2437 4089 182,
2463 4031 2563 4082 26(

1434 4106 1441 4113 ”
1475 4127 1543 4136 -
1567 4103 1834 4159 ornatus,
1861 4112 1944 4164 gr.
1968 4091 2208 4176 κόσμος,
2234 4089 2551 4162 „ordnung

1474 4167 1589 4222 und
1607 4165 1828 4234 Regar‘,
1854 4162 1999 4232 zugl.
2017 4172 2118 4220 mit
2137 4161 2436 4218 Riicksicht
2453 4161 2556 4218 auf

1475 4237 1684 4292 schone
1706 4233 1999 4292 Harmonie
2023 4231 2126 4287 des
2148 4229 2391 4293 Ganzen,
2417 4248 2471 4286 n.
2494 4229 2550 4286 d.

2061 4314 2137 4379 11
