2975 4842
1191 230 1319 289 '-—-
1409 241 1488 305 15
1573 278 1718 319 —-,

316 415 534 477 fecisse
577 416 950 493 accepimuS,
996 413 1323 492 aedemque
1366 414 1426 472 in
1467 412 1752 491 Capitolio
1781 411 1904 473 Iovi
1935 411 2176 492 Optimo
2221 408 2472 485 Maximo
2492 404 2562 490 ¹⁷)

315 496 480 561 bello
508 498 734 561 Sabino
775 501 836 559 in
881 500 1008 577 ipsa
1051 515 1248 578 pugna
1293 498 1534 558 vovisse*
1564 496 1922 566 faciendam;
1968 506 2389 576 mortuumque
2433 514 2561 557 esse

316 596 457 646 cum
495 583 1081 664 duodequadraginta
1111 584 1483 662 regnavisset
1511 579 1809 660 annos18).

851 776 953 832 97.
1036 770 1169 830 ‘Der
1211 775 1456 843 Augur
1499 776 1709 831 Attus
1751 773 2027 831 Navius,

1272 886 1614 952 (div.1,17.)

491 1006 696 1067 Prisco
728 1013 1016 1083 regnante
1047 1006 1369 1083 Tarquinio
1400 1007 1579 1068 Attus
1607 1007 1838 1068 Navius
1866 1022 2057 1083 augur
2088 1014 2217 1068 erat
2255 1007 2317 1064 in
2349 1021 2562 1084 magno

319 1092 564 1153 nomine
598 1099 656 1151 et
684 1089 889 1170 gloria.
951 1091 1037 1153 Ex
1069 1110 1186 1171 quo
1217 1091 1439 1151 factum
1471 1098 1561 1152 est
1589 1100 1655 1152 ut
1684 1109 1818 1152 eum
1851 1092 1921 1151 ad
1953 1108 2016 1150 se
2061 1109 2165 1151 rex
2197 1091 2436 1151 Priscus
2466 1107 2561 1148 ar·

319 1185 603 1238 cesseret.
667 1177 846 1238 Cuius
876 1194 1011 1236 cum
1042 1173 1420 1254 temptaret1)
1453 1177 1759 1237 scientiam
1792 1181 2144 1253 auguratus,
2189 1175 2336 1235 dixit
2376 1175 2432 1234 ei
2463 1192 2561 1233 co·

319 1263 513 1340 gitare
545 1278 609 1322 se
641 1261 949 1340 quiddam:
1015 1261 1075 1321 id
1107 1269 1384 1339 possetne
1413 1261 1546 1322 fieri
1577 1259 1890 1321 consuluit.
1950 1258 2054 1320 Ille
2086 1261 2336 1339 augurio
2368 1266 2499 1320 acto
2514 1256 2560 1338 2)

320 1360 497 1427 posse
526 1346 854 1423 respondit.
929 1346 1291 1424 Tarquinius
1333 1352 1530 1407 autem
1562 1347 1705 1406 dixit
1733 1363 1797 1406 se
1829 1346 2116 1422 cogitasse
2149 1353 2344 1406 cotem
2386 1362 2563 1409 nova·
2661 1418 2662 1425 ἵ

320 1429 453 1492 cula
492 1448 668 1509 posse
720 1431 1011 1510 praecidi;
1078 1439 1208 1491 tum
1251 1431 1448 1492 Attum
1491 1432 1734 1493 iussisse
1778 1431 2055 1511 experiri.
2136 1430 2219 1491 Ita
2267 1436 2462 1490 cotem
2503 1431 2565 1488 in

321 1516 626 1579 comitium
644 1513 686 1595 3)
739 1514 992 1576 adlatam
1041 1515 1408 1594 inspectante
1452 1522 1511 1576 et
1560 1534 1703 1594 rege
1747 1523 1805 1575 et
1846 1515 2068 1595 populo
2110 1514 2392 1575 novacula
2436 1530 2565 1574 esse

321 1600 614 1662 discisam.
663 1600 750 1662 Ex
781 1619 852 1661 eo
884 1601 1080 1660 evenit
1108 1608 1173 1660 ut
1204 1608 1262 1661 et
1283 1600 1641 1679 Tarquinius
1672 1618 1895 1678 augure
1917 1604 2051 1660 Atto
2082 1600 2265 1661 Navio
2296 1605 2565 1660 uteretur

324 1694 382 1747 et
411 1683 667 1764 populus
698 1685 771 1745 de
802 1687 923 1745 suis
953 1685 1134 1745 rebus
1165 1686 1406 1759 adeum
1436 1683 1773 1763 referret4).
1838 1686 2044 1747 Cotem
2087 1693 2283 1747 autem
2315 1683 2474 1745 illam
2505 1690 2565 1743 et
2631 1728 2642 1745 .

320 1770 671 1934 novacubgam
715 1770 1009 1832 defossam
1051 1771 1113 1829 in
1144 1771 1382 1830 comitio
1427 1787 1724 1850 supraque
1766 1771 2109 1849 impositum
2151 1767 2350 1848 puteal
2393 1785 2559 1828 acce·

319 1872 518 1934 pimus
584 1900 598 1914 .

1010 2098 1014 2107 ,
1045 2049 1147 2102 98.
1237 2044 1515 2103 Servius
1560 2045 1869 2101 Tullius.-

1135 2157 1223 2224 (de
1250 2173 1366 2224 rep.
1392 2158 1467 2219 H,
1492 2160 1573 2221 21,
1599 2160 1664 2208 37
1691 2156 1771 2224 ff.)

494 2277 771 2357 Sequitur
803 2277 853 2336 is
882 2279 984 2355 qui
1016 2277 1158 2339 mihi
1186 2277 1417 2340 videtur
1438 2295 1509 2337 ex
1528 2274 1568 2356 ¹)
1603 2275 1875 2338 omnibus
1906 2277 1966 2338 in
1991 2295 2057 2336 re
2088 2274 2325 2355 publica
2347 2276 2563 2337 vidisse

321 2360 664 2442 plurimum.
741 2362 889 2424 Nam
931 2371 1064 2440 post
1104 2362 1171 2423 L.
1206 2361 1593 2443 Tarquinium
1638 2362 1886 2423 Servius
1935 2361 2161 2422 Tullius
2204 2362 2433 2443 primus
2473 2361 2560 2420 in-

320 2546 473 2602 den3
493 2544 956 2616 Capitolinischen
978 2545 1393 2603 Gottheitene-
1496 2575 1561 2585 --
1596 2563 1644 2601 v.
1680 2546 1731 2602 d.
1756 2545 2068 2601 Vornahme
2090 2562 2146 2602 u.
2169 2544 2563 2612 Beobachtung

322 2614 410 2680 17)
447 2613 577 2682 Iup.
614 2613 658 2669 0
701 2620 736 2669 t.
771 2612 937 2670 Max.
962 2643 1030 2652 —-
1079 2614 1389 2678 Beinamen,
1496 2613 1991 2681 dei-*Vogelscham
2028 2613 2119 2669 off.
2143 2619 2200 2678 3,
2229 2618 2320 2668 16:
2356 2630 2480 2669 cum
2506 2614 2563 2668 in

320 2680 667 2738 durchsswelc
709 2698 739 2737 e
771 2681 858 2738 die
884 2682 1082 2739 Hoheit
1116 2700 1169 2739 u.
1194 2683 1389 2745 Macht,
1495 2699 1620 2738 arce
1645 2698 1883 2750 augures
1917 2684 2225 2750 auqurium
2259 2685 2450 2738 acturi
2477 2698 2561 2736 es-

320 2750 409 2806 die
431 2749 681 2818 Majestat
714 2749 810 2805 des
834 2749 988 2807 Rom.
1010 2750 1391 2818 Nationalgot·
1494 2759 1643 2813 sent;
1698 2750 1902 2806 ebenso
1937 2766 2176 2818 capere,
2221 2750 2340 2805 Liv.
2378 2753 2466 2810 10,
2503 2753 2561 2803 ⁷:

318 2825 428 2941 355,
437 2816 1394 2967 ffisggffissgffiggssggssgfflffigpg

319 2953 710 3009 Furstentltel:
739 2952 1388 3019 Allerdurchlauchtlgst,

320 3020 676 3076 Allerhiichst
709 3037 852 3076 usw.
934 3023 1187 3084 Preller,
1232 3020 1388 3075 Rom.

320 3088 489 3156 Myth.
523 3093 622 3142 183
641 3087 698 3155 f.]
723 3122 791 3130 —
817 3090 1036 3145 vovisse
1059 3089 1391 3158 faciendam

320 3182 387 3194 —-
412 3156 462 3212 d.
489 3155 580 3212 alt.
606 3157 802 3226 Tarqu.
822 3156 1044 3223 gelobte
1071 3173 1126 3212 u.
1158 3156 1211 3211 le
1252 3163 1306 3211 te
1334 3155 1387 3211 d.

323 3223 740 3279 Grundmauern
764 3223 905 3289 (Liv.
920 3224 1082 3288 1,38)‚
1108 3224 1206 3280 der
1248 3231 1391 3280 etzte

318 3290 500 3360 Konig
523 3291 836 3347 vollendete
870 3292 975 3348 den
1009 3292 1391 3360 grossartigen

317 3359 448 3415 Bau.
496 3387 564 3399 —-
612 3361 694 3424 18)
739 3359 1090 3428 Tarquinius
1123 3361 1388 3425 Priscae,

319 3426 610 3494 angeblich
644 3431 931 3485 616—578.
999 3427 1259 3484 Derselbe
1282 3425 1391 3483 Κό-

220 3528 227 3533 -
318 3495 416 3562 nig
449 3494 600 3562 legte
634 3496 773 3551 auch
807 3513 907 3552 zur
934 3493 1392 3563 Trockenlegung

319 3562 418 3618 der
478 3563 608 3619 Sum
652 3563 890 3630 fgrunde
945 3564 1034 3620 die
1091 3563 1390 3619 unterirdi-

319 3630 490 3685 schen
525 3628 614 3685 Sie
641 3647 671 3685 e
707 3631 793 3685 od.
830 3629 1066 3687 Cloaken
1102 3649 1192 3694 an,
1229 3630 1318 3686 die
1343 3647 1389 3686 z.

317 3698 414 3752 Th.
454 3696 599 3752 noch
635 3697 804 3754 heute
835 3699 893 3753 in
927 3699 1104 3756 voller
1131 3698 1392 3755 soliditat

321 3761 573 3820 erhalten
598 3763 738 3819 sind.

389 3831 439 3897 1)
474 3846 604 3886 cum
636 3837 938 3898 temptaret
964 3861 1034 3872 -
1064 3833 1292 3897 „indem
1329 3850 1390 3890 er

319 3899 418 3956 auf
439 3899 527 3956 die
549 3897 731 3955 Probe
755 3899 954 3956 stellen
979 3901 1235 3966 wollte“;
1266 3901 1388 3958 Fut.

319 3966 375 4023 in
399 3969 723 4037 praeterito,
749 3967 860 4023 wie
885 3968 962 4024 St.
987 3974 1069 4035 37,
1094 3974 1125 4021 9
1151 3987 1205 4024 u.
1234 3972 1316 4032 55,
1338 3975 1386 4027 3.

319 4062 386 4073 ·-·
433 4042 783 4104 cacumina,
818 4065 886 4073 —
907 4035 1143 4105 Endung
1164 4065 1232 4076 --
1255 4046 1388 4094 atus

321 4120 420 4158 zur
436 4104 558 4161 Bez.
584 4104 682 4160 der
694 4103 920 4170 Wiirde,
942 4105 1038 4161 des
1047 4106 1252 4169 Amtes,
1278 4106 1389 4162 wie

322 4170 378 4225 in
393 4173 770 4250 magistratus,
785 4173 1125 4237 consulatus,
1145 4180 1386 4237 senatus,

319 4241 664 4309 principatus
691 4249 820 4299 cett.
869 4275 938 4285 —-
983 4242 1035 4307 2)
1061 4256 1234 4310 aqere
1259 4258 1388 4310 auq.

1494 2833 1619 2872 cum
1646 2817 1839 2885 capide
1864 2825 1918 2873 et
1944 2817 2112 2881 lituo,
2149 2818 2329 2886 capite
2352 2816 2553 2880 velato,

1493 2887 1800 2952 auqurium
1821 2901 1885 2940 ex
1903 2902 2028 2941 arce
2046 2901 2272 2952 capere.
2298 2913 2365 2922 —
2390 2884 2441 2949 3)
2467 2885 2563 2938 At-

1495 2958 1613 3008 tum
1635 2981 1704 2992 --
1737 2951 1966 3019 Subject
1992 2970 2060 3008 zu
2084 2952 2355 3008 welchem
2379 2949 2561 3006 Infini-

1500 3019 1608 3074 tiv?
1654 3046 1723 3056 -—
1768 3021 2053 3075 comitium
2087 3036 2155 3074 zu
2189 3019 2267 3074 St.
2295 3023 2385 3082 94,
2411 3023 2459 3073 2.
2493 3046 2562 3055 -

1495 3089 1768 3143 discisam
1798 3115 1865 3124 -
1899 3103 1947 3143 v.
1984 3087 2034 3143 d.
2071 3087 2163 3143 alt.
2197 3104 2252 3143 u.
2277 3086 2401 3143 selt.
2427 3086 2562 3140 Ver-

1495 3155 1626 3210 bum
1647 3155 1947 3219 discidere,
1974 3155 2174 3223 analog
2191 3154 2313 3211 dem
2331 3169 2561 3211 vorans-

1497 3223 1621 3292 geh.
1641 3225 1909 3290 praecidi
1926 3223 2070 3292 [and.
2089 3223 2307 3288 Lesart,
2336 3222 2443 3286 Or„
2469 3223 2560 3277 di-

1495 3293 1756 3356 scissam,
1775 3289 2302 3348 iihereinstimmend
2320 3291 2421 3346 mit
2439 3291 2560 3346 Liv.

1497 3363 1542 3421 1,
1570 3363 1635 3412 36
1660 3402 1673 3415 .
1697 3389 1766 3399 —-
1787 3361 1840 3424 4)
1866 3360 2098 3430 referre
2123 3362 2193 3416 de
2213 3388 2278 3397 —
2306 3361 2385 3416 ad
2406 3360 2560 3423 „sich

1494 3444 1621 3483 wen
1664 3444 1731 3484 en
1756 3429 1877 3492 an“,
1911 3428 2152 3492 amtlich,
2188 3444 2258 3483 zu
2284 3427 2361 3483 St.
2387 3432 2471 3491 61,
2499 3431 2558 3489 8;

1494 3497 1634 3551 auch
1654 3496 1775 3552 hier
1791 3496 1948 3552 wohl
1966 3494 2297 3552 schwerlich
2316 3511 2425 3551 von
2442 3494 2560 3549 Pri-

1492 3562 2094 3631 vatangelegenheiten.
2140 3591 2208 3601 —
2259 3563 2310 3626 5)
2343 3563 2561 3630 puteal,

1493 3630 2561 3766 35·attrei-¹2¹¹tssgtfssffffiffsstizssssat

1492 3766 1646 3822 nicht
1658 3766 1909 3822 betreten
1918 3765 2144 3822 werden
2155 3765 2378 3822 konnte.
2388 3765 2559 3833 [DerS.

1488 3832 1642 3889 Platz
1675 3834 1727 3890 h.
1761 3832 1891 3891 Hor.
1929 3851 2052 3914 epp.
2080 3840 2134 3897 l,
2164 3837 2253 3899 19,
2280 3837 2337 3890 8:
2363 3837 2561 3901 forum

1484 3901 1797 3971 putet-alque
1820 3900 2083 3968 Libonis]

1562 3971 1611 4033 1)
1645 3984 1724 4024 ex
1750 3997 1814 4006 —
1878 3970 2146 4026 lurimum
2167 3997 2238 4006 —
2269 3967 2558 4024 bisweilen

1492 4037 1686 4092 stehen
1721 4044 1791 4093 st.
1862 4080 1875 4094 .
1911 4038 2097 4106 partit.
2122 4037 2253 4092 Gen.
2288 4035 2431 4091 heim
2457 4034 2559 4091 Su-

1489 4103 2560 4242 &affigit⁸32⁰⁸iu133¹ff2ff3st15315

1491 4215 1802 4298 scharferer
1833 4217 2271 4309 Heraushebung
2305 4240 2391 4297 od.
2426 4240 2559 4296 Ver-
