2975 4842
1173 300 1260 319 -ὸ
1349 268 1641 336 155-

278 449 497 505 matura
527 454 669 501 euin
698 440 799 521 qui
827 439 1040 518 cuique
1069 448 1241 520 aptus
1271 450 1398 502 erat
1427 443 1830 521 comparavit·
1865 443 2245 509 'Enumerare
2284 464 2530 526 possum

273 527 361 588 ad
408 543 541 587 eum
583 534 816 605 pastum
859 525 1288 602 capessendum
1327 527 1877 608 conficiendumque
1917 546 2068 609 quae
2106 532 2184 593 sit
2221 533 2284 591 in
2324 532 2528 611 figuris

281 611 673 675 animantium
697 616 757 670 et
778 626 953 693 quam
977 608 1189 671 sollers
1217 609 1563 691 subtilisque
1595 612 1914 692 descriptio
1944 616 2202 693 partium
2233 632 2527 697 quamque

273 694 654 760 admirabilis
683 693 904 756 fabrica
933 693 1343 757 membrorum
1356 692 1423 776 θ).
1467 696 1684 758 Omnia
1712 700 1885 768 enim,
1917 712 2072 777 quae
2093 699 2342 780 quidem
2363 701 2526 763 intus

284 779 513 843 inclusa
540 780 823 848 sunt,.ita
852 786 989 840 nata
1018 783 1193 859 atque
1222 781 1303 841 ita
1342 779 1534 843 locata
1561 788 1698 843 sunt
1739 778 1806 843 ut
1835 781 1980 843 nihil
2011 801 2218 847 eorum
2249 793 2540 864 &perra-⁸

274 882 547 927 caucum·
568 866 660 933 sit,
693 861 1149 924 nihil-advitam
1179 865 1550 927 retinendam
1580 882 1701 927 non
1731 869 2134 930 necessarium
2150 866 2213 947 ⁷).
2248 900 2318 917 --
2355 870 2529 931 Dedit

277 959 487 1012 autem
530 948 735 1011 eadem
778 955 989 1011 natura
1029 946 1244 1011 belluis
1275 959 1335 1010 et
1362 968 1603 1013 sensum
1636 959 1693 1012 et
1715 952 2079 1030 appetitum,
2112 961 2178 1014 ut
2206 952 2393 1015 altero
2425 972 2526 1015 co·

279 1043 492 1096 natum
521 1032 811 1095 haberent
839 1033 911 1094 ad
943 1032 1241 1095 naturales
1264 1043 1465 1113 pastus
1489 1035 1898 1114 capessendos
1931 1036 2121 1102 altero
2145 1045 2530 1101 secernerent

284 1117 567 1199 pestifera
608 1135 641 1179 a
685 1116 1041 1179 salutaribus
1055 1115 1122 1196 ⁸).
1182 1118 1307 1179 Iam
1346 1136 1488 1181 vero
1533 1119 1641 1181 alia
1697 1118 1969 1183 animalia
2011 1121 2362 1201 gradiendo,
2400 1121 2529 1183 'alia

274 1203 586 1283 §erpende
629 1202 702 1264 ad
740 1210 975 1280 pastum
1014 1201 1336 1274 accedunt,
1361 1203 1495 1266 ⁴alia
1524 1204 1792 1276 volando,
1826 1203 1937 1267 alia
1967 1206 2182 1278 nand0,
2214 1204 2531 1287 cibumque

282 1289 504 1369 partim
535 1289 658 1348 oris
688 1287 849 1348 hiatu
879 1295 938 1348 et
966 1285 1243 1351 dentibus
1271 1289 1416 1368 ipsis
1442 1298 1778 1368 capessunt,
1807 1292 2026 1369 partim
2048 1292 2334 1370 unguium
2362 1298 2529 1352 tena-

274 1375 467 1435 citate
496 1370 810 1453 adripiunt,
843 1372 1057 1451 partim
1081 1371 1420 1436 aduncitate
1448 1384 1778 1436 rostrorum
1796 1393 1811 1444 ;
1829 1373 1957 1435 alia
1987 1384 2221 1454 sugunt,
2254 1374 2366 1437 alia
2398 1393 2529 1436 car-

283 1467 453 1539 punt,
488 1455 598 1518 alia
628 1465 854 1528 voi-aut,
886 1455 1001 1518 alia
1031 1457 1338 1519 mandunt.
1398 1460 1588 1539 Atque
1625 1460 1803 1520 etiam
1837 1458 2087 1520 aliorum
2118 1478 2188 1520 ea
2216 1468 2309 1521 est
2336 1460 2528 1521 humi-

276 1542 420 1604 'iitas
468 1551 533 1604 ut
580 1540 780 1603 cibum
830 1549 1177 1603 terrestrem
1226 1544 1436 1604 rostris
1485 1543 1658 1605 facile
1699 1544 2071 1623 contingant3
2131 1562 2286 1625 quae
2330 1551 2528 1606 autem

274 1626 495 1690 altiora
536 1634 677 1688 sunt
689 1623 754 1706 ⁹),
790 1634 857 1687 ut
884 1642 1143 1697 anseres,
1174 1635 1242 1688 ut
1270 1630 1458 1706 cygni.
1493 1636 1559 1690 ut
1587 1646 1781 1708 grues,
1823 1636 1892 1689 ut
1919 1626 2145 1700 cameli,
2179 1630 2529 1691 adiuvantur

283 1712 641 1793 proceritate
668 1710 994 1780 colloruim
1025 1726 1237 1773 manus
1268 1713 1439 1773 etiam
1464 1711 1599 1773 data
1630 1720 1721 1775 est
1750 1711 2084 1791 elephanto,
2118 1715 2253 1793 quia
2284 1720 2528 1794 propter

286 1795 751 1876 magnitudinem
800 1797 1070 1876 corporis
1110 1795 1381 1857 difficiles
1421 1795 1615 1858 aditus
1644 1795 1901 1859 habebat
1937 1797 2016 1858 ad
2054 1805 2288 1876 pastum
2307 1795 2397 1876 ¹⁰).
2457 1799 2532 1859 At
2622 1820 2628 1828 ·

276 1879 503 1962 ¹quibus
532 1878 735 1942 bestiis
764 1886 893 1941 erat
932 1882 981 1940 is
1014 1878 1183 1942 cibus
1212 1888 1283 1942 ut
1307 1878 1725 1958 alius·generis
1757 1880 1966 1942 bestiis
1994 1890 2394 1952 vescerentur,
2429 1890 2532 1943 aut

284 1968 441 2028 vires
470 1974 681 2028 natura
711 1963 874 2025 dedit
912 1974 1017 2027 aut
1055 1965 1433 2027 celeritatem.
1495 1966 1637 2027 Data
1682 1973 1771 2027 est
1803 1965 2158 2046 quibusdam
2190 1968 2368 2028 etiam
2400 1984 2526 2027 ina-

274 2051 547 2113 -chinatio
590 2048 886 2130 quaedam¹
919 2059 1095 2127 atque
1134 2047 1424 2111 sollertia:
1469 2059 1536 2110 ut
1573 2051 1638 2111 in
1673 2051 1962 2112 araneolis
2004 2049 2153 2112 aliae
2197 2051 2363 2130 quasi
2393 2058 2523 2112 rete

288 2144 530 2208 texunt,
573 2144 641 2198 ut
681 2136 730 2199 si
769 2134 915 2214 quid·
949 2135 1273 2197 inhaeserit
1301 2133 1641 2206 conficiant,
1686 2134 1832 2196 aliae
1873 2144 2069 2198 autem
2113 2154 2185 2196 ex
2207 2135 2530 2214 ,inopinato

277 2221 608 2283 observant
647 2228 709 2280 et
745 2221 795 2281 si
839 2219 982 2298 quid
1020 2219 1228 2281 incidit
1264 2218 1569 2299 adripiunt
1608 2219 1788 2298 idque
1840 2218 2310 2299 consuiiiunt¹¹).⁴
2382 2221 2527 2281 Pina

284 2323 430 2366 vero
473 2307 580 2381 (sic
622 2305 780 2367 enim
822 2304 1049 2366 Graece
1090 2304 1321 2383 dicitur)
1379 2304 1607 2366 duabus
1658 2303 1981 2383 grandibus
2035 2305 2233 2385 patula
2283 2304 2529 2367 conchis

280 2406 425 2451 cum
467 2407 644 2470 parva
686 2387 895 2467 squilla
938 2390 1104 2468 quasi
1145 2388 1486 2450 societatem
1538 2386 1654 2463 coit
1693 2390 2076 2469 comparandi
2126 2389 2273 2459 cibi.;
2327 2390 2528 2470 itaque

280 2493 427 2537 cum
456 2471 722 2555 pisciculi
760 2473 931 2554 parvi
966 2473 1348 2543 incoi‘icham
1379 2472 1643 2548 hiantem
1683 2475 2125 2544 innataverunt,
2160 2484 2287 2536 tum
2317 2473 2522 2536 admo·

284 2560 411 2622 nita
433 2559 679 2640 squillae
708 2577 911 2620 morsu
941 2560 1282 2638 comprimit
1297 2559 1555 2620 conchas
1575 2554 1665 2639 12).
1711 2558 1814 2620 Sic
1834 2558 2237 2623 dissimillimis
2258 2557 2525 2621 bestiolis

280 2647 687 2706 communiter
716 2643 887 2705 cibus
918 2646 1245 2723 quaeritur.
1292 2644 1358 2705 In
1391 2661 1506 2723 quo
1536 2643 1949 2706 admirandum
1981 2655 2086 2716 est,
2120 2660 2526 2724 congressune

286 2844 473 2901 niebat
504 2847 561 2901 in
587 2854 775 2926 aperta
798 2862 1037 2911 prorum
1075 2844 1211 2900 endi
1221 2863 1235 2907 ;
1272 2848 1351 2905 16,
1496 2845 1605 2910 είρ,
1642 2844 1829 2912 haufig
1861 2844 1954 2900 fiir
1975 2845 2104 2900 Arm
2130 2844 2231 2899 mit
2255 2841 2408 2898 Hand
2433 2857 2530 2910 ge·

291 2916 381 2967 15:
416 2922 667 2969 centurio
702 2912 920 2981 effuqia
952 2862 1112 2966 vilsse
1139 2910 1355 2966 clausit.
1456 2863 1719 2976 firaucht,
1752 2913 1806 2967 h.
1829 2932 1898 2957 =
1922 2909 2218 2992 proboscis
2248 2911 2334 2975 (Β.
2359 2909 2529 2965 Afric.

287 3008 357 3018 —-
390 2982 442 3044 6)
476 2981 787 3047 descriptio
815 3007 885 3020 —-
918 2977 1196 3045 ,‚Anlage,
1224 2977 1353 3032 Ver·
1456 2980 1564 3044 84),
1589 2979 1993 3061 grapoflocm‘c
2025 2977 2255 3043 (Arist.)
2279 2976 2367 3032 od.
2391 2992 2532 3045 προ-

286 3046 595 3114 theilung“,
630 3049 740 3103 wie
775 3046 854 3102 St.
882 3051 971 3108 31,
998 3050 1033 3098 8
1063 3063 1117 3101 u.
1146 3049 1267 3108 153,
1293 3047 1354 3107 53
1459 3063 1607 3113 νομη
1646 3046 1913 3113 (θαμὰ).
1960 3072 2027 3085 --
2069 3045 2310 3101 habebat
2333 3071 2400 3081 —
2424 3045 2526 3099 hn-

279 3114 519 3183 fabrica
542 3115 747 3179 ‚,Bau“.
772 3142 838 3154 --
871 3115 925 3178 7)
947 3116 1104 3169 intus
1127 3113 1357 3192 inclusa
1459 3113 1602 3183 perf.
1638 3114 1766 3170 weil
1801 3115 1857 3168 in
1882 3114 2063 3181 Bezug
2096 3112 2192 3169 aui
2213 3111 2263 3169 d.
2289 3108 2407 3168 Zeit
2432 3111 2531 3167 (ier

288 3211 358 3221 —
380 3183 415 3239 i.
442 3199 487 3239 e.
513 3183 788 3245 intestina,
811 3182 922 3238 Cat.
942 3185 989 3244 2,
1011 3185 1069 3235 5:
1095 3184 1252 3236 intus
1274 3188 1357 3234 in-

1462 3189 1649 3239 crsten
1673 3178 1997 3252 Schoprung
2021 3181 2280 3249 gedeoni,
2314 3195 2407 3235 wo
2442 3179 2532 3234 die

284 3250 463 3307 sidiae
486 3257 632 3313 sunt,
659 3251 814 3306 intus
836 3249 1124 3306 inclusum
1141 3248 1359 3317 pericu-

1458 3248 1632 3305 Natur
1650 3249 1749 3306 init
1766 3248 2081 3306 bewusster
2099 3247 2531 3315 zweokmassig-

290 3318 405 3374 lum
431 3327 531 3381 est,
554 3321 713 3375 intus
738 3325 823 3374 est
840 3318 1034 3374 hostis.
1056 3342 1126 3355 —-·
1149 3316 1201 3380 8)
1226 3328 1358 3372 sen-

287 3401 419 3443 sum
442 3393 548 3441 eta
583 3392 785 3454 ρει-
807 3385 991 3441 altero
1007 3410 1074 3425 -·
1092 3385 1273 3440 altero
1292 3404 1356 3422 ·-

285 3468 481 3521 sogen.
517 3453 554 3508 C
595 3452 824 3517 iasmus,
860 3452 934 3510 St.
968 3458 1062 3516 50,
1095 3455 1185 3515 14;
1228 3466 1281 3508 n.
1307 3451 1358 3507 d.

286 3525 340 3583 2,
379 3525 469 3577 12:
505 3520 696 3577 bestiis
730 3530 912 3579 autem
948 3529 1004 3577 et
1036 3536 1271 3578 sensum
1302 3527 1359 3575 et

285 3597 502 3645 motum
528 3590 678 3646 dedit
704 3598 758 3647 et
782 3607 906 3647 cuin
926 3589 1167 3659 quodam
1187 3600 1359 3656 appe-

284 3659 399 3712 titu
431 3670 709 3713 accessum
753 3658 820 3714 ad
860 3672 950 3714 res
984 3657 1278 3718 salutares,
1330 3672 1359 3710 a

336 3723 571 3779 estiteris
597 3740 892 3781 recessum.
948 3725 1060 3780 Den
1085 3738 1360 3781 accessus

333 3790 683 3846 ezeichneten
708 3790 797 3847 die
823 3791 1041 3847 Stoiker
1074 3792 1154 3847 als
1182 3787 1221 3859 ἱὁ
1259 3786 1356 3857 μή,

288 3858 398 3914 den
424 3868 693 3914 recessus
718 3851 1145 3926 alsffloc’qzocmiae—
1168 3859 1220 3923 9)
1272 3870 1358 3912 ein

288 3928 368 3982 At
403 3941 472 3982 ue
496 3927 665 3982 etiam
690 3926 934 3984 aliorum
960 3924 1359 3995 entsprechend

293 3995 380 4050 sol
406 4003 460 4050 te
495 4009 619 4049 man
655 4000 954 4049 erwarten:
1005 3992 1122 4049 alia
1156 3999 1359 4056 amem,

284 4078 440 4129 quae
482 4062 698 4118 altiora
745 4065 913 4122 sunt,·
968 4061 1056 4116 ein
1105 4060 1359 4116 Verstoss

293 4130 539 4197 geguie
581 4142 772 4198 sogen.
818 4128 1204 4192 concinnum,
1253 4128 1363 4182 wie

292 4197 448 4252 nicht
472 4197 647 4254 seiten
679 4199 739 4253 in
772 4197 823 4253 d.
858 4197 1058 4266 philos,
1084 4194 1361 4252 Schriften

292 4263 471 4319 Cic.’s.
518 4292 585 4304 --
634 4266 716 4330 10)
749 4282 956 4323 manus
977 4293 1046 4306 --
1069 4265 1181 4322 wie
1202 4263 1254 4321 d.
1278 4278 1360 4331 gr.

1461 3316 1577 3373 keit
1599 3317 1691 3373 die
1725 3317 2007 3375 einzelnen
2030 3316 2215 3374 Gaben
2249 3315 2534 3373 zutiieilte.

1459 3412 1529 3423 --
1563 3386 1656 3450 11)
1689 3385 2036 3442 machinatio
2073 3410 2142 3425 -—
2173 3383 2535 3449 „kunstliche

1460 3451 1850 3521 Vorrichtung,
1862 3453 2294 3509 Mechanismus“
2308 3468 2322 3513 ;
2337 3453 2392 3506 si
2399 3451 2536 3516 quid

1460 3522 1780 3578 inhaeserit
1823 3547 1891 3560 —-
1936 3523 1992 3577 si
2073 3521 2172 3574 uid
2217 3518 2420 3573 incidit
2464 3540 2533 3557 -—-

1462 3589 1712 3645 weshalh
1748 3588 1842 3644 das
1879 3595 2028 3644 erste
2102 3586 2153 3640 al
2178 3584 2534 3663 Conj.‚·dann

1462 3655 1595 3711 aher
1626 3656 1828 3711 India?
1887 3654 2187 3710 incidit-
2229 3653 2331 3716 „in
2374 3652 2534 3707 ihren

1461 3723 1689 3779 Bereich
1737 3723 2016 3784 kommt“;
2076 3719 2218 3776 denn
2270 3719 2359 3775 die
2406 3718 2532 3774 kein

1461 3790 1594 3846 Netz
1627 3789 1936 3845 webenden
1969 3787 2360 3858 Woli'spinnen
2397 3802 2449 3843 u.
2487 3791 2533 3844 a.

1463 3857 1586 3913 sind
1610 3857 1735 3912 hier
1757 3858 1997 3925 gemeint
2031 3857 2200 3926 [wor.
2223 3856 2373 3911 Plin.
2401 3870 2454 3909 n.
2479 3855 2533 3910 h.

1465 3931 1545 3988 11,
1570 3924 1675 3992 24].
1696 3953 1766 3967 -·
1791 3925 1875 3989 12)
1899 3925 2053 3983 Pina
2078 3952 2142 3963 --
2168 3938 2251 3991 gr.
2274 3924 2415 3988 πίνη
2444 3920 2533 3977 od.

1463 3993 1658 4059 πίννη,
1684 3990 2174 4059 ‚,Stechmuschel“
2202 3990 2532 4069 (pinna'mu-

1464 4059 1684 4127 ricata);
1720 4060 1929 4128 squilla
1960 4089 2026 4103 ψ-
2057 4075 2142 4127 gr.
2165 4072 2534 4123 πιννοτηρης,

1436 4127 1677 4184 ·kleiner
1694 4128 2039 4192 „Seelirehs“
2066 4128 2307 4194 (cancer
2369 4127 2533 4179 inno-

1462 4197 1642 4260 teres)
1657 4218 1679 4259 ,-
1703 4197 1799 4253 das
1826 4195 1914 4253 ob.
1933 4191 2301 4262 Angegebene
2358 4192 2533 4248 erich-

1462 4272 1558 4320 ten
1582 4280 1776 4321 ausser
1801 4264 1906 4320 Cic.
1932 4262 2022 4320 fin.
2047 4267 2096 4326 3,
2119 4264 2186 4315 19
2207 4260 2347 4318 auch
2358 4259 2539 4318 Arist.
