2975 4842
1350 223 1775 288 -34-.-

438 397 780 475 Magnitudo
833 396 1016 462 animi
1067 403 1125 457 et
1170 393 1454 456 fortitudo
1508 402 1704 474 negat.
1793 396 1946 456 Num
1989 395 2408 474 locupletiores
2450 396 2690 476 quaeris

441 481 752 544 auctores?
812 481 1039 542 Harum
1081 482 1238 541 enim
1283 487 1372 541 est
1413 481 1695 540 virtutum
1736 482 2043 558 proprium
2088 479 2231 540 nihil
2274 482 2683 549 extimescere,

441 569 637 629 omnia
696 567 954 628 humana
1015 564 1354 644 despicere,
1434 563 1580 625 nihil
1646 564 1800 643 quod
1875 565 2099 627 homini
2170 567 2440 626 accidere
2498 567 2688 644 possit

439 650 879 714 intolerandum
936 655 1168 728 putare.
1219 682 1290 694 --
1355 648 1559 726 ltaque
1614 649 1755 728 quid
1815 648 1986 710 fecit?
2043 649 2114 710 In
2165 658 2434 712 senatum
2495 651 2680 718 venit;

439 737 718 799 mandata
750 736 1053 814 exposuit-;
1087 736 1437 796 sententiam
1464 751 1541 794 ne
1562 733 1787 794 diceret
1808 735 2103 795 recusavit
2118 732 2192 815 ⁵):
2246 734 2528 815 quamdiu
2552 736 2682 794 iure

437 821 691 883 iurando
719 820 978 881 hostium
1019 825 1352 889 teneretur,
1406 835 1528 879 non
1573 836 1702 880 esse
1745 836 1809 878 se
1859 825 2217 880 senatorem.
2298 822 2490 900 Atque
2539 817 2686 880 illud

442 908 618 967 etiam
633 903 678 985 ⁶)
727 939 800 951 --
847 908 905 962 ‘o
936 903 1177 965 stultum
1222 903 1571 973 hominem',
1606 902 1822 964 dixerit
1849 904 2170 984 quispiam,
2217 905 2302 965 ‘et
2344 920 2682 982 repugnan-

440 1000 562 1052 tem
593 989 829 1052 utilitati
858 1006 998 1050 suae
1016 986 1336 1049 l'--reddi
1367 988 1631 1067 captivos
1660 989 1898 1066 negavit
1930 1005 2059 1050 esse
2090 986 2238 1049 utile
2252 984 2329 1067 ⁷):
2361 987 2494 1049 illos
2525 989 2683 1048 enim

440 1073 850 1138 adolescentes
899 1090 1031 1134 esse
1083 1081 1142 1135 et
1191 1072 1382 1135 bonos
1426 1073 1636 1143 duces,
1690 1090 1755 1134 se
1805 1073 1921 1134 iam
1974 1072 2311 1134 confectum
2354 1080 2681 1134 senectute.

441 1161 619 1225 Cuius
649 1178 784 1220 cum
814 1157 1093 1220 valuisset
1123 1159 1471 1227 auctoritas,
1518 1158 1731 1236 captivi
1760 1158 1975 1218 retenti
2001 1152 2174 1227 'sunt;
2206 1156 2335 1238 ipse
2366 1157 2681 1234 Karthagi-

439 1262 577 1306 nem
609 1243 815 1311 rediit,
848 1260 1041 1321 neque
1073 1261 1208 1304 eum
1224 1240 1270 1320 8)
1303 1245 1519 1303 caritas
1548 1239 2052 1321 patriae-retinuit
2079 1260 2193 1303 nec
2222 1260 2485 1305 suorum.
2563 1242 2683 1302 Ne-

439 1342 556 1408 que
587 1347 726 1389 vero
755 1335 882 1388 tum
913 1327 1228 1404 ignorabat
1256 1345 1321 1387 se
1346 1327 1419 1386 ad
1452 1324 1925 1388 crudelissimum
1950 1327 2180 1388 hostem
2203 1334 2264 1387 et
2292 1324 2366 1388 ad
2392 1327 2681 1404 exquisita

438 1411 726 1493 supplicia
765 1408 1152 1490 proficisci9),
1215 1410 1339 1473 sed·
1372 1413 1465 1472 ius
1517 1412 1835 1473 iurandum
1891 1411 2361 1473 conservandum
2416 1411 2679 1491 putabat.

295 1505 301 1511 ’
387 1554 393 1559 .
438 1498 642 1576 Itaque
674 1503 799 1557 tum
831 1513 967 1557 cum
1009 1490 1616 1576 resectispalpebris,
1657 1494 1913 1575 illigatus
1954 1498 2016 1557 in
2049 1497 2353 1566 machina,
2388 1493 2683 1574 vigilando

441 1592 501 1644 et
529 1582 685 1642 fame
713 1580 1067 1651 necabatur,
1112 1588 1239 1642 erat
1277 1583 1341 1641 in
1370 1578 1619 1659 meliore
1651 1598 1825 1641 causa
1856 1598 2030 1660 quam
2064 1583 2115 1641 si
2144 1581 2303 1642 domi
2322 1598 2516 1642 senex
2547 1599 2683 1660 cap-

440 1668 615 1737 tivus,
648 1667 922 1746 periurus
952 1664 1282 1727 consularis
1310 1667 1693 1726 remansisset
1709 1662 1798 1745 ¹⁰).

439 1868 556 1907 was
592 1867 659 1905 zu
694 1849 1000 1917 erganzen?
1046 1846 1241 1905 Aehnl.
1265 1848 1429 1905 Acad.
1457 1853 1507 1912 2,

434 1923 533 1974 40:
571 1918 792 1974 Vincam
827 1917 1068 1972 animum
1093 1916 1296 1985 cuique
1319 1933 1507 1973 assen-

440 1987 548 2042 tiar
571 1985 681 2041 deli
721 2001 807 2040 am
831 2012 900 2034 --.
931 1999 1095 2052 quem
1118 1985 1504 2053 potissimum?

439 2060 635 2122 quem?
733 2051 1092 2109 emocritum‘?
1140 2080 1207 2090 --
1254 2051 1508 2118 locuples

439 2118 1124 2187 auctor—„zuverlassig,
1145 2119 1506 2187 vollgfiltig“;
1535 2164 1539 2169 ,

441 2206 504 2245 so
539 2189 690 2244 Brut.
726 2192 816 2250 12,
850 2191 943 2241 47:
1005 2187 1256 2255 locuples
1305 2192 1510 2243 auctor

440 2254 815 2324 Thucydides;
853 2253 944 2310 off.
969 2259 1019 2320 3,
1043 2258 1135 2310 29:
1172 2270 1341 2324 quem
1367 2254 1512 2310 enim

439 2325 863 2391 locupletiorem
903 2323 1221 2391 quaerimus
1292 2320 1511 2386 testem)

481 2409 605 2448 uam
661 2390 969 2460 principem
1028 2390 1224 2458 populi
1331 2389 1515 2468 omani

439 2411 777 2526 azegulum).
846 2457 944 2526 qui
1002 2457 1275 2521 retinendi
1344 2455 1512 2513 officii

441 2542 605 2582 causa
638 2526 943 2580 cruciatum
978 2524 1214 2581 subierit
1257 2525 1514 2581 volunta·

441 2593 620 2649 rium?
646 2621 712 2630 —
736 2609 827 2659 qu.
860 2590 1007 2647 hom.
1047 2592 1310 2648 accidere
1330 2593 1334 2597 '
1354 2610 1410 2659 p.
1443 2620 1512 2630 —

442 2659 902 2729 euphemistisch:
930 2659 1108 2716 selbst
1131 2659 1228 2715 das
1246 2662 1513 2727 Aeusser-

442 2735 553 2792 ste,
596 2726 972 2790 Schlimmste,
999 2727 1112 2795 vgl.
1141 2727 1219 2783 St.
1243 2730 1326 2783 55.
1349 2732 1399 2782 4.
1444 2755 1516 2764 -—

440 2798 492 2861 5)
519 2801 664 2853 sent.
692 2811 764 2852 ne
790 2796 898 2850 dic.
938 2811 1130 2852 recus.
1154 2820 1238 2833 -·
1257 2812 1353 2860 „er
1376 2795 1513 2850 wei-

439 2872 599 2988 fierte
641 2864 760 2921 sich
811 2863 963 2942 seine
1005 2861 1234 2919 Stimme
1275 2862 1415 2919 abzu
1457 2880 1512 2918 e-

480 2949 574 2996 en,
601 2932 1084 2996 mitzustlmmen“,
1123 2931 1226 2998 eig.
1260 2931 1378 2987 sein
1451 2947 1513 2986 o-

440 3007 559 3056 tum
585 3017 654 3054 zu
678 2999 1029 3067 begrfindem
1057 3017 1115 3055 es
1130 3015 1248 3054 war
1271 2999 1345 3054 im
1357 2998 1512 3054 Rom.

441 3067 609 3123 Senat
641 3066 831 3122 iiblich
875 3066 962 3122 od.
996 3067 1338 3134 wenigstens
1384 3064 1513 3122 srei-

442 3133 714 3202 gegeben,
762 3133 853 3189 bei
885 3134 1111 3202 Abgabe
1151 3134 1251 3189 der
1285 3133 1515 3189 Stimme

344 3258 347 3261 ,
437 3203 637 3257 Worte
685 3201 782 3256 der
827 3201 1202 3269 Begrfindung
1247 3201 1514 3256 hinzuzu-

441 3268 629 3335 stigen.
688 3267 784 3322 Die
809 3266 998 3323 blosse
1024 3267 1287 3324 Stimmab
1329 3267 1514 3335 ebung

443 3337 643 3392 heisst:
671 3338 1013 3391 sententiam
1033 3336 1193 3391 dare.
1206 3364 1273 3373 —
1359 3352 1417 3391 as
1438 3336 1513 3392 ist

443 3420 541 3459 aus
563 3404 855 3459 recusavit
879 3400 968 3458 sur
980 3402 1030 3458 d.
1041 3400 1321 3470 Folgende
1343 3420 1412 3458 zu
1425 3420 1511 3459 er-

442 3471 686 3540 ganzen?
714 3470 1147 3538 (Zeugma.)—6)
1173 3470 1318 3526 illud
1337 3472 1511 3527 etiam

442 3567 503 3576 —
599 3536 1238 3606 wiederausgenommen
1331 3537 1508 3595 durch

442 3606 611 3662 reddi
632 3609 914 3673 captivos:
953 3623 1107 3669 „was
1137 3607 1294 3675 jenes
1328 3605 1515 3662 betraf

441 3701 508 3712 —
533 3699 600 3709 —
635 3673 798 3729 naml.
832 3674 920 3730 die
943 3672 1238 3741 Rfickgabe
1271 3674 1371 3730 der
1405 3675 1508 3730 Ge-

441 3740 740 3808 fangenen,
768 3745 887 3796 so“.
926 3770 994 3779 —
1036 3742 1113 3797 Zu
1155 3743 1375 3798 dixerit
1398 3741 1508 3809 vgl.

442 3809 520 3865 St.
544 3813 626 3870 27,
655 3813 721 3872 53
767 3807 857 3864 off.
883 3814 942 3873 3,
969 3815 1026 3864 6:
1064 3809 1318 3865 Forsitan
1388 3812 1507 3865 uis—

437 3879 593 3945 piam
617 3877 852 3932 dixerit.
901 3906 968 3915 —
1017 3878 1068 3941 7)
1094 3876 1356 3933 Verschie
1396 3892 1512 3944 ung

440 3944 540 4000 der
562 3943 846 4011 Negation,
871 3945 982 4000 wie
1007 3944 1085 4001 St.
1101 3949 1182 4007 77,
1209 3949 1258 4000 2.
1285 3973 1349 3982 —
1374 3961 1511 4001 con-

435 4013 629 4078 fectus
662 4009 992 4092 ..sebeugrz
1028 4029 1060 4064 v
1093 4050 1134 4068 -.
1160 4012 1238 4068 St.
1260 4016 1344 4076 46,
1373 4017 1418 4068 1.
1442 4039 1511 4050 —-

434 4081 490 4142 8)
518 4079 709 4135 valere
735 4107 798 4118 —
824 4080 978 4143 „Sich
1002 4095 1073 4146 ge
1097 4079 1228 4134 tend
1251 4079 1508 4142 macheu,

438 4145 902 4215 durchdringen“,
945 4148 1055 4203 wie
1100 4146 1242 4212 Nep.
1291 4146 1422 4202 Milt.
1447 4151 1509 4200 3:

443 4211 607 4268 Cuius
644 4217 794 4269 ratio
847 4214 951 4269 etsi
985 4230 1098 4268 non
1132 4214 1333 4277 valuit;
1366 4213 1508 4270 Phil.

1614 1851 1664 1910 2,
1692 1850 1784 1905 15:
1825 1850 1873 1904 si
1895 1864 2078 1906 meum
2104 1848 2405 1906 consilium
2430 1852 2682 1905 auctori-

1612 1921 1812 1983 tasque
1832 1917 2123 1974 valuisset.
2157 1946 2225 1955 —
2259 1932 2439 1984 neque
2464 1933 2594 1974 eum
2618 1947 2683 1957 -—

1611 1984 1798 2046 „ohne
1823 1985 2001 2048 dass“,
2051 1985 2162 2041 wie
2198 1984 2276 2041 St.
2302 1989 2350 2049 9,
2378 1990 2408 2038 7
2434 2002 2490 2040 u.
2517 1989 2569 2041 ὃ.
2614 2014 2685 2024 --

1612 2050 1664 2115 9)
1691 2054 1769 2108 ad
1790 2081 1858 2090 --
1882 2056 2248 2121 „entgegen“.
2275 2081 2338 2092 -
2364 2052 2459 2107 Die
2483 2052 2682 2108 Erzah-

1610 2117 1749 2188 lung
1775 2137 1883 2177 von
1908 2120 2014 2177 den
2039 2121 2421 2191 Todesqualen
2457 2120 2554 2177 des
2580 2120 2682 2176 Re·

1612 2187 1779 2253 gulus
1804 2189 1880 2243 ist
1904 2188 2154 2245 schlecht
2179 2187 2526 2256 heglaubigt,
2568 2205 2682 2244 we-

1617 2255 1715 2310 der
1749 2255 2013 2324 Polybios
2048 2257 2193 2312 noch
2227 2256 2433 2313 Diodor
2468 2256 2683 2311 erwah-

1615 2337 1722 2378 nen
1755 2323 1933 2387 ihrer;
1979 2341 2036 2379 es
2072 2324 2288 2380 scheint
2319 2323 2474 2379 Rom.
2510 2322 2681 2378 Erfln—

1616 2391 1769 2465 dung
1817 2391 1904 2447 od.
1953 2390 2097 2446 doch
2129 2391 2526 2448 Uebertreibun
2614 2409 2683 2446 zu
2717 2434 2722 2438 .

1617 2459 1764 2524 sein,
1788 2459 1995 2515 umdie
2022 2460 2181 2526 eigne
2204 2459 2370 2514 Harte
2403 2474 2526 2527 geg.
2597 2475 2682 2513 ar-

1614 2526 1764 2594 thag.
1782 2526 2097 2595 Gesangene
2122 2545 2188 2582 zu
2214 2527 2685 2594 hesebonigen.-—-

1614 2594 1690 2649 Im
1716 2593 1873 2662 Folg.
1899 2594 2024 2650 sind
2047 2594 2342 2651 dieWorte
2367 2597 2682 2651 resectis-

1616 2662 1887 2717 maehina
1901 2663 1988 2717 ein
1999 2660 2373 2718 Einschiebsel
2393 2680 2492 2719 aus
2505 2663 2562 2717 in
2574 2661 2678 2716 Pis.

1620 2732 1704 2795 19,
1739 2733 1825 2785 43.
1850 2757 1917 2767 --
1946 2728 2118 2790 [Noch
2154 2728 2514 2786 detaillierter
2561 2728 2682 2786 Val.

1615 2796 1782 2854 Max.
1807 2801 1866 2860 9,
1893 2801 1925 2848 2
1949 2796 2066 2853 Ext.
2095 2802 2148 2852 1:
2195 2797 2381 2854 Karth.
2417 2797 2544 2853 Atil.
2580 2797 2682 2853 Re-

1618 2864 1808 2932 gulum
1833 2863 2114 2935 palpebris
2136 2866 2364 2921 resectis
2385 2865 2680 2927 machinae,

1616 2933 1673 2987 in
1719 2949 1831 3002 qua
1876 2932 2122 3002 undique
2155 2934 2438 3002 praeacuti
2471 2932 2682 3006 stimuli

1618 2998 1955 3063 eminebant,
1981 3000 2257 3056 inclusum
2281 3001 2560 3068 vigilantia
2584 3016 2682 3069 pa·

1618 3067 1754 3124 riter
1780 3076 1835 3123 et
1859 3068 2123 3124 continuo
2149 3074 2330 3123 tractu
2351 3067 2562 3124 doloris
2589 3084 2682 3124 ne·

1618 3140 1917 3196 caverunt.]
1931 3164 1995 3203 ἡ
2005 3135 2088 3203 10)
2102 3150 2304 3201 causa,
2314 3136 2612 3192 moralisch
2621 3164 2685 3173 —

1617 3201 2004 3270 „Vei-sassung,
2018 3203 2214 3270 Lage“,
2227 3201 2318 3259 fin.
2331 3208 2377 3266 1,
2392 3207 2481 3258 15:
2507 3203 2685 3258 Morte

1615 3269 1714 3339 qui
1755 3270 1957 3327 adfecti
1991 3278 2146 3336 sunt,
2194 3273 2256 3326 in
2280 3272 2479 3326 eadem
2502 3286 2686 3327 causa

1615 3344 1752 3394 sunt
1773 3355 1885 3407 qua
1908 3345 2035 3393 ante
2057 3354 2222 3406 quam
2249 3340 2385 3402 nati;
2422 3341 2684 3406 captivus

1614 3435 1682 3444 —
1761 3405 2031 3462 rechtlich
2111 3405 2682 3474 ,‚kriegsgefangen“.

1616 3472 1955 3529 Chiastische
1987 3472 2244 3540 Stellung
2285 3474 2383 3530 der
2414 3474 2682 3542 AdJ'ectt.;

1616 3558 1682 3596 zu
1709 3539 1786 3595 St.
1812 3544 1901 3603 50,
1930 3544 1995 3592 14
2019 3558 2072 3596 u.
2099 3545 2192 3605 73,
2222 3546 2303 3596 19.
2334 3570 2402 3578 -
2433 3540 2684 3596 Dieselbe

1611 3607 1949 3686 Erzahlung,
1993 3607 2193 3665 kt‘irzer
2225 3608 2457 3676 gefasst,
2504 3608 2594 3664 off.
2633 3613 2680 3671 1,

1615 3680 1695 3737 13,
1710 3679 1802 3730 39:
1828 3673 2012 3731 Primo
2028 3674 2233 3732 Punico
2262 3676 2410 3733 bello
2436 3675 2681 3744 Regulus

1613 3749 1807 3810 captus
1850 3759 1880 3796 a
1912 3742 2140 3806 Poenis,
2183 3760 2307 3799 cum
2349 3744 2418 3800 de
2452 3743 2681 3812 captivis

1613 3809 2012 3865 commutandis
2037 3811 2263 3867 Romam
2296 3813 2498 3868 missus
2536 3818 2683 3866 esset

1615 3877 1964 3946 iurassetque
1988 3885 2049 3934 se
2073 3879 2379 3934 rediturum
2394 3922 2407 3942 ,
2442 3879 2682 3948 primum

1614 3951 1678 3999 ut
1704 3945 1853 4000 venit
1878 3947 2122 4015 captivos
2157 3946 2469 4003 reddendos
2504 3947 2560 4001 in
2595 3963 2681 4002 se-

1614 4019 1746 4067 natu
1771 4029 1883 4069 non
1909 4014 2149 4080 censuit,
2175 4013 2397 4078 deinde,
2434 4029 2558 4070 cum
2592 4030 2681 4069 re-

1611 4079 1885 4137 tineretur
1909 4098 1940 4137 a
1962 4082 2292 4150 propinquis
2315 4089 2370 4137 et
2387 4080 2454 4137 ab
2474 4081 2682 4144 amicis,

1613 4147 1677 4203 ad
1703 4148 2038 4221 supplicium
2073 4147 2252 4204 redire
2287 4149 2481 4205 maluit
2513 4166 2682 4218 quam

1609 4214 1773 4271 fidem
1797 4214 1946 4272 hosti
1970 4216 2150 4272 datam
2175 4214 2383 4272 fallere.
