2975 4842
1392 276 1814 341 -36-

486 459 659 513 natus
674 447 718 529 ¹)
763 450 827 512 P.
862 448 1158 512 Valerium
1202 446 1484 510 Flaccum
1526 455 1586 509 et
1629 447 1699 520 Q.
1732 445 2019 510 Baebium
2061 436 2430 528 Tampilum:
2492 449 2622 526 qui,
2674 450 2728 510 si

483 533 777 597 Hannibal
822 552 943 596 non
986 540 1260 614 pareret,
1304 533 1730 612 Karthaginem
1773 535 1863 593 ire
1902 535 2049 594 iussi
2088 540 2244 595 sunt.
2334 531 2540 610 ltaque
2585 532 2729 593 belli

481 620 694 682 Punici
721 618 990 685 secundi,
1022 616 1178 698 quod
1211 626 1418 679 contra
1448 618 1707 678 maiores
1735 624 1973 678 nostros
1992 616 2287 679 Hannibal
2318 619 2516 696 gessit,
2550 635 2727 678 causa

469 689 596 767 'fuit
608 701 654 783 2)
688 704 935 782 Sagunti
966 703 1348 783 oppugnatio.

650 786 710 849 h.
732 803 738 807 ·
759 789 823 850 C.
855 789 1192 850 Flaminius
1217 789 1350 848 und
1386 788 1486 847 die
1519 786 1733 848 Omina
1772 804 1889 849 vor
1911 787 2026 848 der
2053 785 2349 848 Schlacht
2383 803 2483 846 am
2518 784 2727 848 nasi*

478 875 820 936 meniachen
849 873 982 934 See.
1041 871 1165 952 (div.
1196 875 1246 948 1,
1279 874 1383 948 35,
1416 875 1497 934 77
1532 869 1592 950 f.)
1635 902 1721 915 —-
1763 868 1953 940 Quid?
2006 869 2165 934 bello
2195 870 2419 932 Punico
2459 870 2727 931 secundo

478 976 681 1020 nonne
712 952 1190 1036 G.Flaminius³)
1232 955 1441 1017 consul
1482 957 1695 1018 iterum
1739 952 1999 1034 neglexit
2040 958 2204 1033 signa
2249 972 2452 1017 rerum
2493 955 2724 1017 sutura·

478 1061 613 1104 rum
645 1060 857 1121 magna
887 1061 1022 1103 cum
1053 1041 1222 1102 clade
1253 1042 1343 1101 rei
1372 1039 1679 1119 publicae?
1731 1039 1848 1111 Qui
1876 1041 2138 1102 exercitu
2165 1038 2413 1102 lustrato
2443 1058 2581 1101 cum
2613 1040 2727 1100 Ar-

478 1129 698 1188 retium
725 1145 936 1188 versus
961 1135 1154 1188 castra
1186 1126 1466 1186 movisset
1494 1133 1557 1186 et
1584 1134 1795 1186 eontra
1824 1123 2217 1187 Hannibale-
2245 1123 2513 1202 legiones
2539 1124 2724 1186 duce-

476 1220 597 1282 ret,
641 1220 699 1273 et
736 1214 866 1290 ipse
908 1221 967 1272 et
1008 1229 1197 1289 equus
1243 1210 1369 1271 eius
1410 1217 1553 1270 ante
1578 1210 1811 1288 signum
1842 1210 1995 1271 Iovis
2024 1207 2332 1287 Statoris4)
2374 1211 2502 1271 sine
2543 1227 2723 1270 causa

480 1306 730 1376 repente
756 1296 1018 1357 concidit
1048 1313 1159 1355 nec
1189 1312 1320 1355 eam
1352 1312 1478 1355 rem
1513 1293 1717 1355 habuit
1748 1294 2050 1374 religioni,
2084 1294 2320 1356 obiecto
2352 1295 2520 1372 signo
2541 1290 2613 1371 ⁵),
2655 1301 2726 1355 ut

478 1383 687 1460 peritis
729 1381 1068 1448 videbatur,
1118 1397 1193 1439 ne
1236 1381 1634 1440 committeret
1689 1379 2002 1459 proelium.
2074 1378 2236 1439 Idem
2280 1396 2414 1438 cum
2457 1377 2721 1456 tripudio

478 1466 917 1544 auspicaretur,
950 1459 1294 1542 pullarius⁸)
1328 1461 1481 1524 diem
1513 1461 1728 1545 proelii
1759 1463 2166 1526 committendi
2193 1461 2522 1524 differebat.
2566 1462 2721 1523 Tum

475 1548 807 1610 Flaminius
837 1568 910 1610 ex
941 1567 1012 1610 eo
1043 1548 1358 1627 quaesivit,
1402 1550 1451 1609 si
1485 1566 1560 1609 ne
1602 1556 1803 1627 postea
1838 1549 2075 1627 quidem
2119 1545 2267 1627 pulli
2306 1554 2717 1627 pascerentur,

477 1634 619 1712 quid
652 1633 983 1696 faciendum
1017 1633 1326 1694 censeret?
1366 1633 1514 1695 Cum
1543 1631 1645 1694 ille
1675 1633 2098 1715 quiescendum
2131 1632 2552 1711 respondisset,
2586 1632 2720 1694 Fla-

475 1719 723 1779 minius:
773 1717 1107 1779 ‘Praeclara
1150 1735 1290 1778 vero
1330 1719 1619 1797 auspicia,
1664 1719 1714 1778 si
1743 1717 2141 1780 esurientibus
2181 1715 2360 1796 pullis
2388 1736 2487 1777 res
2526 1713 2719 1797 geri7)

474 1805 725 1883 poterit,
780 1804 995 1863 saturis
1040 1801 1188 1863 nihil
1238 1803 1536 1880 geretur?
1594 1802 1798 1883 ltaque
1838 1804 2007 1879 signa
2049 1800 2300 1862 convelli
2343 1810 2401 1862 et
2439 1820 2503 1861 se
2547 1802 2719 1879 sequi

473 1889 659 1949 iussit.
721 1887 850 1959 Quo
880 1896 1151 1967 tempore
1183 1905 1320 1947 cum
1350 1885 1598 1965 signifer
1645 1889 1824 1966 primi
1853 1888 2068 1948 hastati
2082 1882 2126 1966 8)
2159 1887 2392 1965 signum
2424 1903 2547 1945 non
2579 1903 2715 1965 pos-

474 1980 565 2034 set
593 1991 833 2037 movere
862 1970 1026 2042 loco,
1073 1990 1182 2032 nec
1216 1972 1539 2052 quidquam
1569 1968 2022 2053 proficeretur9)
2057 1970 2260 2051 plures
2291 1989 2424 2031 cum
2467 1970 2714 2031 accede-

544 2105 595 2169 1)
620 2104 969 2173 Belagerung
992 2103 1266 2171 Sayunt's
1289 2098 1539 2170 (Ζᾰκαν-
1643 2104 1758 2167 ler,
1797 2103 1951 2159 Rom.
1982 2102 2213 2171 Mythol.
2257 2102 2311 2160 S.
2347 2106 2445 2156 176
2480 2104 2540 2159 Α.
2574 2107 2624 2158 2.
2645 2131 2715 2142 --

473 2175 588 2227 θαι
647 2173 840 2239 Polyb.
864 2177 922 2235 3,
961 2176 1049 2235 17,
1091 2172 1271 2228 nordl.
1304 2188 1354 2226 v.
1387 2172 1541 2227 heut.
1645 2187 1752 2227 nec
1775 2174 1958 2234 „ohne
1982 2174 2107 2228 zu“.
2133 2199 2197 2209 -—
2221 2172 2274 2232 5)
2301 2170 2404 2234 „da
2428 2171 2540 2226 ihm
2568 2171 2713 2227 doch

472 2240 748 2305 valencia)
775 2256 825 2295 v.
851 2239 1127 2307 Friihjahr
1149 2243 1252 2291 219
1275 2256 1343 2294 an
1368 2243 1400 2291 8
1423 2239 1540 2297 Mo·
1645 2239 1853 2305 (damit)
1922 2239 2009 2294 ein
2069 2237 2423 2304 (offenbares)
2478 2238 2713 2294 Zeichen

472 2315 600 2364 nate
637 2307 792 2376 lang;
830 2308 930 2363 aus
955 2307 1009 2363 d.
1036 2305 1409 2375 llfiliegesuch
1442 2306 1542 2362 der
1647 2314 1921 2375 entgegen
1946 2305 2238 2373 gebracht,
2274 2323 2343 2362 zu
2366 2305 2523 2361 Theil
2562 2322 2712 2361 wur-

471 2373 1543 2444 SaguntinerwardeineRomBesandt·
1645 2373 1749 2430 de“
1798 2402 1862 2411 —
1908 2373 2072 2431 Acad.
2096 2378 2154 2437 2,
2194 2377 2281 2429 16:
2320 2374 2367 2429 si
2392 2373 2503 2429 tale
2529 2376 2711 2429 visum

470 2443 653 2499 schaft
710 2442 1087 2509 abgeschickt,
1156 2442 1373 2497 welche
1431 2457 1542 2496 von
1646 2443 1920 2498 obiectum
1961 2449 2047 2497 est
2080 2459 2111 2496 a
2146 2440 2250 2497 deo
2286 2440 2597 2498 dormienti.
2642 2469 2709 2479 —

469 2508 736 2566 Hannibal
779 2510 954 2564 durch
1006 2509 1253 2565 schnode
1291 2508 1540 2565 Behand-
1643 2511 1695 2574 6)
1739 2509 1815 2564 Zu
1858 2510 2173 2576 tripudium
2215 2510 2376 2571 [nach
2417 2509 2507 2563 div
2551 2514 2609 2571 2,
2645 2513 2710 2562 34

469 2575 843 2657 lunggereizt
864 2575 1156 2698 mge.—
1179 2576 1232 2640 2)
1256 2579 1313 2632 si
1337 2604 1394 2614 -
1424 2592 1541 2632 non
1643 2593 1743 2633 aus
1768 2584 1986 2658 terram
2006 2579 2230 2644 pavire]
2260 2575 2366 2644 νεὶ.
2401 2576 2480 2632 St.
2509 2580 2632 2641 115,
2659 2581 2709 2633 2.

468 2670 536 2681 -
560 2653 662 2700 mit
696 2660 990 2700 vet-nemen
1031 2661 1092 2699 er
1114 2643 1407 2712 Betenung
1440 2643 1538 2699 des
1642 2672 1711 2683 —-
1739 2645 2032 2713 pullanus
2075 2643 2605 2708 „Ht‘ihnerwarter“;
2650 2661 2709 2702 es

471 2711 757 2768 einzelnen
786 2712 1007 2767 Wortes
1044 2712 1184 2766 nach
1209 2727 1324 2766 non
1346 2713 1541 2777 (par-e·
1641 2711 1748 2781 gab
1783 2713 1904 2768 eine
1941 2713 2100 2780 eigne
2132 2712 2353 2768 decuria
2384 2712 2645 2780 pullaria
2673 2711 2707 2768 i.

469 2780 606 2845 rel);
631 2778 900 2847 wahrend
924 2781 1041 2835 nisi
1061 2786 1198 2835 stets
1221 2779 1380 2835 einen
1405 2794 1539 2847 gan·
1642 2796 1688 2836 e.
1708 2779 2119 2847 pullariorum,
2143 2780 2245 2834 mit
2270 2779 2709 2848 priesterlichem

470 2864 570 2903 zen
615 2846 741 2904 Satz
775 2848 1043 2904 verneint.
1101 2847 1173 2902 B.
1239 2890 1251 2904 .
1276 2851 1394 2901 324.
1456 2846 1537 2903 M.
1639 2848 1923 2911 Ansehen,
1957 2849 2067 2903 wie
2092 2846 2143 2903 d.
2173 2846 2325 2914 Folg.
2359 2846 2522 2903 lehrt.
2560 2875 2615 2886 --
2655 2849 2709 2912 ’1)

465 2914 506 2980 3
529 2919 647 2973 996.
694 2915 764 2972 Ε.
793 2913 851 2971 S.
880 2915 916 2982 S
940 2919 1057 2971 274.
1104 2914 1179 2970 K.
1268 2919 1384 2980 154,
1410 2919 1537 2971 7.-
1640 2931 1761 2971 rem
1773 2914 2340 2981 aerem—„seclusa
2366 2914 2704 2984 angreil'en“,

464 2983 844 3104 suit.,war‹l“.
878 3012 922 3021 -
968 2983 1019 3047 3)
1054 2982 1290 3039 Zweites
1325 2981 1536 3039 Consu·
1640 2982 1859 3039 militar.
1884 2989 1923 3039 t.
1948 2990 1987 3040 t.
2021 2983 2346 3048 (‚.Actien‘·).
2376 3011 2434 3021 --
2470 2982 2578 3038 Der
2602 2983 2706 3039 Un-

488 3059 545 3106 at
579 3052 674 3108 des
704 3050 762 3108 C.
790 3052 1138 3113 Flaminius,
1165 3055 1291 3114 217;
1342 3050 1537 3105 fruher
1638 3050 1793 3106 wille
1816 3051 1915 3107 des
1940 3050 2017 3107 Pl.
2044 3067 2161 3106 war
2186 3050 2339 3105 nicht
2370 3065 2509 3118 ganz
2535 3050 2704 3106 unbe-

465 3117 826 3175 Volkstribun
852 3120 954 3185 (St.
984 3123 1095 3176 129,
1121 3120 1190 3183 3),
1218 3118 1307 3173 ein
1341 3117 1538 3173 leicht-
1638 3118 1905 3186 grssncleu
1942 3135 2003 3173 er
2029 3123 2181 3173 ware
2219 3118 2269 3172 'a
2301 3116 2382 3173 als
2420 3117 2705 3174 Oberseld·

465 3184 698 3253 tertiger
723 3187 1021 3254 Demagog,
1065 3186 1172 3240 den
1205 3186 1325 3241 sein
1350 3187 1536 3253 einge-
1638 3186 1770 3241 herr
1794 3185 1940 3241 allen
1974 3185 2214 3254 priester
2239 3227 2252 3239 .
2280 3183 2412 3240 Chic
2447 3202 2554 3241 nen
2574 3203 2703 3242 aus·

463 3251 701 3308 bildetes
751 3251 1230 3308 Feldherrntalent
1282 3254 1367 3307 ins
1404 3253 1534 3308 Ver·
1639 3261 1853 3320 gesetzt
1940 3269 2176 3309 ewesen.
2268 3253 2704 3320 Epaminondas

465 3318 671 3375 derben
699 3319 902 3376 [filnrte.
926 3336 1203 3383 -maqna
1223 3336 1352 3375 eum
1370 3320 1535 3399 clade
1638 3331 1820 3401 sagte,
1879 3340 1909 3376 a
1934 3340 1960 3377 s
2008 3337 2071 3376 er
2119 3326 2285 3376 unter
2330 3322 2705 3390 ungiinstigen

464 3415 527 3424 -
550 3403 677 3443 cum
703 3403 803 3442 zur
831 3385 1148 3443 Hervorheb
1204 3386 1305 3443 der
1329 3385 1535 3454 beglel-
1636 3388 1872 3444 Zeuchen
1920 3390 2057 3443 nach
2093 3386 2331 3444 Leuktra
2377 3389 2699 3445 ausrssckte:

464 3454 666 3511 tentlen
700 3453 935 3525 Fulgen,
975 3454 1125 3511 Verr.
1150 3403 1217 3516 ᾗ,
1249 3459 1299 3516 1,
1326 3458 1408 3516 24,
1436 3457 1532 3509 63:
1639 3452 1745 3517 Εἷς
1793 3453 2000 3516 οἰωνὸς
2048 3448 2305 3525 ἄριστος·
2353 3448 2702 3523 ἀμύνασθαι

454 3523 522 3579 V.
567 3523 715 3579 venit
753 3521 1108 3592 Lampsacum
1154 3538 1282 3578 cum
1325 3538 1534 3588 maana
1634 3522 1766 3587 περὶ
1792 3519 2012 3591 πάτρης
2055 3553 2119 3563 --
2167 3540 2221 3580 ιι.
2245 3524 2319 3579 ist
2344 3523 2505 3579 dasiu·
2530 3525 2701 3580 nach

461 3591 788 3646 calamitate
810 3598 868 3646 et
906 3606 1086 3659 prope
1114 3592 1376 3657 pernicie
1399 3590 1532 3645 civi-
1634 3590 1758 3647 dem
1785 3591 1947 3659 Siege
1971 3606 2041 3659 ge
2084 3592 2268 3647 riesen
2294 3592 2543 3648 worden.
2564 3622 2617 3630 -
2645 3592 2699 3656 8)

461 3658 609 3714 tatis.
632 3686 701 3696 —
724 3659 777 3722 4)
803 3660 1096 3714 Arretium
1123 3686 1179 3695 —-
1211 3659 1263 3714 h.
1288 3657 1530 3723 Arezzo,
1633 3661 1801 3722 sinna
1840 3660 2040 3716 conve!
2060 3675 2159 3715 ere
2205 3687 2270 3697 —
2320 3660 2372 3714 h.
2423 3660 2527 3727 eig.
2574 3659 2701 3721 ..die

460 3725 696 3781 sitdostl.
731 3742 836 3782 von
871 3725 1126 3787 Florenz,
1162 3742 1248 3781 am
1278 3726 1527 3782 Westab-
1629 3726 1989 3784 Feldzeichen
2013 3738 2111 3783 aus
2146 3727 2245 3782 der
2268 3724 2411 3782 Erde
2436 3728 2699 3793 reissen‘f,

461 3793 608 3861 hang
630 3793 728 3848 des
753 3794 1030 3863 Apeuuiu,
1063 3793 1240 3850 norell.
1274 3810 1323 3850 v.
1347 3794 1529 3849 Trasi·
1630 3804 1790 3851 sonst
1816 3797 2002 3863 haung
2019 3816 2091 3840 ==
2113 3794 2475 3857 aufbrechen,
2502 3795 2565 3850 os
2566 3804 2587 3850 t
2611 3794 2700 3850 bei

458 3860 776 3918 menischen
813 3861 933 3916 See.
967 3889 1033 3900 --
1066 3861 1293 3929 Iupiter
1314 3860 1527 3928 Stator,
1630 3862 1847 3918 Livius.
1884 3891 1934 3899 -
1984 3863 2169 3930 sequi,
2220 3862 2365 3918 ohne
2414 3861 2451 3918 S
2477 3861 2698 3931 ·bjects-

460 3928 583 3984 dem
619 3939 804 3985 zuerst
828 3928 1095 3985 Romulus
1132 3930 1392 3986 wahrend
1427 3931 1529 3986 des
1628 3930 1921 3992 accusatiV,
1949 3948 2007 3986 es
2033 3930 2112 3986 sei
2138 3930 2306 3992 denn,
2335 3929 2460 3985 dass
2486 3947 2610 3985 man
2637 3946 2713 3986 est

456 3994 715 4066 Kampl’es
750 3997 848 4052 mit
882 3997 933 4052 d.
960 3996 1221 4053 Sabinern
1259 3997 1364 4052 den
1398 4005 1525 4067 spa·
1628 4014 1728 4053 aus
1752 4000 1921 4066 aigyna
1954 3998 2279 4065 „Falinleim
2321 3997 2372 4053 cl.
2410 3999 2460 4053 h.
2487 4000 2698 4059 Cohor-

455 4070 610 4120 tereu
638 4065 768 4120 Tem
811 4064 858 4120 el
888 4081 961 4143 ²¹¹.
975 4065 1109 4121 Rom
1135 4066 1211 4131 (in
1238 4066 1524 4144 des3.spa-
1627 4068 1757 4120 ten“
1783 4068 2091 4123 entnehme.
2127 4094 2189 4104 -
2233 4067 2463 4132 primur
2496 4066 2697 4121 hasta-

458 4136 629 4186 terem
656 4131 769 4189 Neu
810 4149 880 4188 au
906 4131 1012 4188 Cic.
1050 4133 1139 4189 die
1164 4141 1312 4189 erste
1338 4131 1523 4187 Cauli-
1626 4138 1746 4195 tus,
1781 4134 1833 4190 d.
1871 4136 1921 4190 h.
1957 4134 2055 4190 des
2081 4142 2263 4190 ersten
2290 4135 2432 4189 ordo
2467 4133 2567 4190 ‹ler
2588 4134 2697 4188 ka-

456 4199 710 4255 narische
747 4200 890 4256 Rede
935 4200 1090 4264 hieu)
1126 4200 1316 4267 gelobt
1352 4200 1519 4261 hatte,
1625 4205 1766 4256 stati
1787 4202 1906 4267 (des
1926 4211 2112 4257 ersten
2134 4200 2353 4257 Gliedes
2374 4202 2429 4256 in
2451 4201 2693 4266 d.acies;

455 4266 598 4321 auch
622 4276 782 4324 sonst
804 4267 1064 4322 inltalien
1075 4268 1325 4323 verehrt:
1353 4266 1496 4323 Prel
1509 4300 1519 4309 ·
1618 4271 1936 4338 principes,
1957 4269 2190 4335 triarii).
2211 4295 2279 4306 —
2302 4270 2356 4333 9)
2367 4285 2548 4325 nec-
2555 4286 2699 4336 pro-
