2975 4842
1285 195 1746 261 —196-

377 368 702 431 siliensium
754 385 1082 449 paucorum
1127 375 1184 430 et
1223 368 1560 448 principum
1592 367 2024 429 admistrationi
2066 367 2316 429 civitatis
2346 366 2633 429 finitimus

381 462 469 516 est
523 454 626 535 qui
677 453 788 516 fuit
836 453 1092 533 quodam
1144 461 1416 532 tempore
1469 452 1629 532 apud
1657 452 2043 514 Athenienses
2084 452 2317 530 triginta
2363 453 2631 515 virorum

379 557 709 601 consensus
760 546 819 600 et
872 539 1047 601 factio
1065 535 1159 617 ²⁰).
1233 538 1357 600 lam
1395 538 1843 600 Atheniensium
1897 536 2106 617 populi
2159 542 2508 615 potestatem
2551 538 2629 598 ad

377 624 646 687 furorem
687 622 1076 685 multitudinis
1113 622 1529 703 licentiamque
1571 640 1917 684 conversam
1958 623 2109 703 pesti
2121 620 2336 701 [feram
2378 640 2447 682 ac
2488 640 2630 702 per-

378 709 661 771 niciosam
692 711 957 788 ipsorum
988 709 1239 789 imperio
1269 708 1451 770 fuisse
1482 709 1639 769 inter
1670 725 1877 769 omnes
1906 708 2047 768 satis
2078 705 2337 787 constat]
2359 703 2449 785 ¹¹).
2523 782 2534 805 Ι

972 901 1120 958 206.
1206 899 1574 957 Bdmische
1615 897 2028 967 optimatem

1240 1013 1314 1079 (p.
1355 1011 1500 1064 Sest.
1538 1026 1583 1061 c.
1622 1013 1689 1061 45
1715 1008 1777 1074 f.)

545 1131 675 1193 Duo
717 1146 937 1210 genera
967 1148 1204 1212 semper
1234 1132 1295 1192 in
1326 1131 1438 1192 hac
1473 1129 1707 1191 civitate
1745 1129 1988 1191 fuerunt
2028 1146 2234 1190 eorum
2267 1130 2369 1208 qui
2402 1132 2626 1190 versari

375 1216 436 1278 in
466 1233 534 1277 re
566 1214 802 1297 publica
834 1225 1009 1295 atque
1041 1218 1103 1277 in
1135 1234 1203 1278 ea
1232 1234 1297 1277 se
1329 1214 1715 1277 excellentius
1752 1232 1967 1294 gerere
1996 1213 2377 1275 studuerunt:
2409 1213 2624 1295 quibus

378 1320 449 1363 ex
478 1300 800 1378 generibus
828 1300 1002 1362 alteri
1032 1320 1096 1363 se
1117 1304 1485 1379 populares,
1521 1298 1692 1361 alteri
1722 1301 2032 1378 optimates
2074 1305 2134 1359 et
2165 1297 2375 1359 haberi
2405 1306 2465 1361 et
2492 1316 2624 1359 esse

374 1382 768 1463 voluerunt1).
831 1385 947 1456 Qui
989 1403 1056 1446 ea
1107 1402 1256 1465 quae
1298 1383 1597 1446 faciebant
1636 1401 1908 1463 quaeque
1949 1382 2226 1445 dicebant
2265 1381 2627 1445 multitudini

373 1469 634 1531 iucunda
663 1467 940 1531 volebant
969 1486 1117 1539 esse,
1151 1468 1498 1550 populares;
1545 1470 1645 1548 qui
1675 1476 1872 1531 autem
1901 1470 1981 1530 ita
2009 1486 2078 1527 se
2105 1467 2395 1547 gerebant
2422 1474 2490 1530 ut
2518 1484 2623 1529 sua

375 1552 620 1615 consilia
675 1555 898 1634 optimo
940 1555 1153 1633 cuique
1191 1553 1547 1635 probarent,
1592 1555 1906 1632 optimates
1949 1549 2403 1632 habebantur2).
2478 1550 2622 1621 Quis

376 1655 520 1719 ergo
559 1639 673 1699 iste
703 1638 961 1720 optimus
1004 1640 1292 1720 quisque?
1352 1638 1436 1700 De
1477 1656 1728 1700 numero
1770 1639 1820 1700 si
1851 1638 2115 1715 quaeris,
2156 1635 2623 1699 innumerabiles

372 1757 459 1770 —-
486 1740 683 1804 neque
725 1725 884 1785 enim
925 1723 1094 1786 aliter
1147 1732 1306 1786 stare
1352 1740 1664 1803 possemus
1694 1740 1806 1791 —-;
1850 1731 1991 1785 sunt
2037 1722 2343 1803 principes
2394 1720 2626 1783 consilii

371 1806 623 1889 publIci,
670 1816 811 1870 sunt
838 1810 940 1888 qui
971 1827 1178 1871 eorum
1221 1815 1441 1871 sectam
1471 1815 1834 1887 sequuntur,
1870 1816 2010 1870 sunt
2036 1807 2427 1869 maximorum
2460 1808 2628 1870 ordi-

373 1910 516 1954 num
546 1892 820 1954 homines
850 1892 1064 1971 quibus
1104 1900 1267 1974 patet
1308 1894 1503 1962 curia,
1548 1899 1687 1953 sunt
1717 1891 2104 1972 municipales
2142 1894 2471 1972 rusticique
2499 1892 2623 1954 Ro-

371 1978 554 2047 mani,
584 1985 727 2038 sunt
757 1979 981 2056 negotii
1011 1987 1311 2056 gerentes,
1360 1984 1500 2038 sunt
1530 1979 1707 2038 etiam
1737 1976 1999 2037 libertini
2029 1979 2341 2056 optimates
2355 1973 2421 2055 3).
2496 1976 2625 2038 Nu-

371 2076 604 2132 merus,
650 2069 718 2123 ut
746 2062 898 2132 dixi,
946 2063 1121 2124 buius
1151 2064 1386 2142 generis
1416 2061 1534 2124 late
1566 2069 1625 2123 et
1652 2064 1812 2123 varie
1856 2061 2104 2123 diffusus
2135 2070 2252 2131 est;
2298 2062 2402 2123 sed
2432 2078 2625 2141 genus

370 2148 734 2217 universum,
767 2154 834 2207 ut
861 2146 1100 2209 tollatur
1143 2166 1331 2217 error,
1366 2145 1533 2208 brevi
1565 2145 1977 2208 circumscribi
2001 2154 2060 2207 et
2083 2145 2314 2207 definiri
2341 2153 2537 2227 potest
2550 2145 2619 2226 4).

373 2230 593 2293 Omnes
622 2231 941 2312 optimates
972 2240 1109 2293 sunt
1139 2234 1239 2311 qui
1272 2250 1466 2312 neque
1489 2239 1775 2293 nocentes
1806 2238 1946 2293 sunt
1976 2249 2087 2292 nec
2112 2238 2323 2293 natura
2354 2230 2626 2309 improbi

369 2335 486 2378 nec
515 2316 728 2378 furiosi
757 2334 871 2379 nec
899 2315 1070 2379 malis
1100 2317 1439 2379 domesticis
1467 2316 1765 2397 impediti:
1808 2323 1947 2377 sunt
1974 2318 2153 2395 igitur
2184 2319 2240 2377 ei
2270 2317 2371 2396 qui
2398 2318 2624 2395 integri

370 2407 509 2463 sunt
538 2408 597 2462 et
625 2402 755 2462 sani
786 2408 845 2462 et
885 2399 1038 2463 bene
1075 2403 1148 2464 de
1188 2402 1370 2463 rebus
1417 2401 1761 2463 domesticis
1804 2402 2105 2462 constituti
2123 2396 2185 2481 5).
2247 2401 2473 2462 Horum
2519 2402 2624 2480 qui

368 2486 679 2556 voluntati,
724 2487 1077 2557 commodiS‚
1124 2487 1387 2567 opinioni
1429 2489 1493 2546 in
1533 2486 1920 2564 gubernanda
1961 2504 2027 2546 re
2064 2485 2303 2566 publica
2332 2487 2620 2556 serviunt,

371 2634 458 2703 10)
493 2634 983 2691 administrationi
1026 2663 1092 2673 —
1139 2636 1239 2691 mit
1272 2636 1438 2692 zwei-
1543 2636 1844 2701 sitzenden,
1868 2635 2073 2692 inRom
2099 2640 2342 2706 ursprfin
2381 2636 2494 2693 lich
2520 2636 2620 2696 das

369 2700 585 2759 fachem
612 2701 761 2765 Gen„
789 2701 933 2772 subj.
959 2719 1014 2759 ιι.
1042 2701 1153 2770 obj.
1193 2731 1261 2741 —
1302 2720 1437 2759 con·
1540 2704 1858 2767 Patriciat‚·
1892 2703 2149 2760 welchen
2174 2705 2332 2772 Begri
2408 2704 2516 2761 Cic.
2541 2707 2623 2762 im

369 2784 581 2828 sensus
604 2775 660 2826 et
680 2772 857 2835 factio
881 2798 950 2808 -—
974 2769 1300 2837 Abundanz,
1321 2772 1439 2828 'wie
1543 2772 1678 2841 rolg.
1705 2771 1797 2828 fur
1820 2773 1974 2829 seine
1994 2771 2112 2827 Zeit
2136 2772 2527 2830 modernisiert
2560 2792 2619 2833 u.

368 2838 599 2895 bildiich
623 2838 675 2895 d.
700 2854 783 2895 or.
805 2843 854 2900 3,
882 2843 931 2902 6,
958 2842 1048 2893 21:
1086 2842 1439 2907 conspiratio
1548 2839 1848 2897 erweitert.
1899 2869 1956 2879 —
2010 2840 2065 2909 3)
2109 2840 2308 2896 consil.
2351 2842 2500 2909 publ.
2548 2870 2624 2882 —

368 2912 425 2964 et
447 2921 771 2963 consensus
793 2906 1089 2971 virtutum
1117 2907 1258 2976 Nep.
1283 2908 1439 2966 Dion.
1543 2907 1811 2972 ,‚Senat“;
1839 2913 1999 2964 secta
2021 2936 2088 2946 -
2114 2907 2399 2971 „Partei“,
2434 2908 2619 2967 abzul.

367 2980 418 3038 6,
439 2978 496 3029 3:
532 2975 846 3044 factionem
872 2975 1226 3044 comparavit.
1249 2976 1441 3045 Neque
1544 2993 1655 3032 von
1702 2992 1765 3032 se
1807 2979 1869 3032 ui
1915 2993 1969 3032 ιι.
2002 2975 2103 3030 mit
2147 2976 2261 3031 ihm
2292 2976 2623 3034 verbunden

368 3042 416 3098 is
462 3042 644 3098 minus
688 3041 906 3099 valebat
941 3042 1088 3112 apud
1121 3046 1440 3111 optimates,
1544 3043 1655 3099 wie
1678 3044 1732 3099 h.
1781 3060 1882 3100 am.
1911 3048 2000 3108 13,
2023 3048 2083 3108 4,
2108 3047 2167 3098 2:
2218 3043 2373 3099 cuius
2398 3051 2624 3102 sectam

367 3125 612 3178 quorum
646 3126 938 3167 consensu
971 3118 1224 3180 praeerat
1259 3110 1440 3167 classi.
1545 3119 1714 3180 atque
1730 3112 2024 3181 imperium
2042 3116 2275 3167 secutus
2293 3118 2403 3175 est;
2430 3111 2618 3171 Rabir.

366 3205 434 3214 —
458 3177 556 3233 Die
578 3177 823 3247 Dreissig
845 3180 903 3234 in
927 3179 1133 3234 Athen:
1173 3178 1251 3237 St.
1276 3181 1359 3241 32,
1388 3183 1441 3234 2.
1546 3179 1699 3248 perd.
1725 3184 1785 3234 8:
1824 3180 1980 3235 cuius
2006 3183 2220 3235 sectam
2243 3182 2404 3246 sequi
2426 3181 2618 3239 vellet.

369 3272 434 3280 -—
470 3245 558 3323 11)⁸
589 3243 696 3300 Der
729 3244 1051 3301 liickenhaft
1080 3244 1441 3313 iiberlieferte
1544 3275 1612 3284 -
1638 3244 1908 3310 Romani,
1944 3264 2051 3302 nur
2075 3263 2145 3302 zu
2168 3248 2375 3302 rustici
2402 3276 2471 3286 —
2503 3248 2619 3304 Ro-

368 3309 496 3367 Satz
542 3316 619 3365 ist
666 3317 894 3380 erganzt
933 3313 1182 3368 worden.
1230 3342 1298 3351 —
1344 3314 1440 3369 Die
1544 3314 1753 3370 mische
1775 3315 2012 3382 Burger‚
2047 3313 2137 3370 die
2162 3313 2259 3370 auf
2279 3314 2403 3371 dem
2425 3315 2618 3373 Lande

369 3377 491 3434 drei
516 3376 660 3435 oben
687 3393 723 3447 g
796 3377 1007 3457 ebenen
1029 3379 1153 3443 Beis
1196 3380 1305 3436 iele
1328 3398 1440 3437 von
1544 3382 1796 3451 ansassig
1828 3398 2034 3438 waren.
2068 3410 2135 3420 --
2163 3397 2373 3449 cerens
2406 3398 2453 3439 c.
2479 3384 2616 3441 Gen.

374 3445 668 3514 Tyrannis
716 3448 733 3512 (
787 3445 1036 3510 balans),
1111 3445 1203 3502 Oi
1238 3448 1438 3505 archie
1541 3478 1610 3487 —
1635 3449 1941 3506 dauernder
1963 3449 2219 3512 Zustand,
2243 3449 2433 3508 Plaut.
2452 3452 2618 3509 Truc.

390 3582 448 3639 in
488 3583 690 3647 Athen)
735 3582 858 3638 sind
898 3582 1021 3639 Beis
1065 3582 1172 3639 iele
1213 3585 1437 3641 solcher
1542 3583 1757 3652 Quinct.
1785 3589 1865 3648 19,
1889 3589 1982 3638 62:
2025 3600 2195 3652 eques
2269 3602 2497 3643 omanus
2525 3587 2617 3644 lo-

414 3650 896 3719 ussehreitungen,
922 3667 1013 3706 we
1038 3652 1140 3707 che
1165 3653 1437 3710 Aristote·
1541 3650 1759 3721 cuples,
1802 3653 1889 3706 sui
1933 3664 2005 3708 ne
2042 3652 2145 3707 otii
2187 3651 2328 3709 bene
2367 3670 2614 3720 perenm

365 3717 450 3773 les
482 3718 541 3772 in
583 3716 768 3772 seiner
798 3716 1002 3773 Politik
1049 3713 1437 3789 παρεκβάσεις
1538 3719 1680 3775 auch
1692 3720 1975 3775 hieristan
2023 3719 2618 3780 iehandeltreibenden

368 3792 559 3841 neunt.
1539 3789 1849 3854 (neyotiari
1881 3787 1959 3844 St.
1996 3791 2120 3849 162,
2166 3788 2249 3852 18)
2312 3787 2493 3845 Ritter
2544 3808 2617 3847 zu

437 3850 492 3922 1)
502 3867 720 3920 yenera
737 3868 827 3920 qu.
838 3868 918 3909 ex
935 3869 1060 3921 qen.
1071 3872 1219 3911 —zu
1230 3855 1307 3911 St.
1319 3859 1437 3918 204,
1543 3854 1773 3911 denken.
1784 3883 1852 3894 --
1868 3852 1924 3923 4)
1948 3854 2243 3911 Numerus
2256 3883 2326 3893 —-—
2349 3856 2475 3920 „die
2496 3859 2615 3914 ein-

369 3922 417 3976 1.
451 3947 519 3958 -·
554 3926 610 3977 et
636 3920 844 3976 haberi
872 3927 929 3976 et
958 3936 1088 3979 esse
1111 3950 1178 3960 —
1210 3923 1323 3979 wie
1357 3922 1434 3979 St.
1542 3921 1736 3980 zelnen
1774 3923 1888 3979 Gru
1927 3939 2037 3992 pen
2051 3926 2083 3947 “
2134 3923 2613 3992 (Kateqorieen),

369 3990 489 4051 176,
509 3990 561 4043 5.
583 4014 653 4026 —-
673 3989 726 4054 2)
751 3989 1000 4055 probare
1026 3989 1197 4046 c.Dat.
1220 3991 1332 4046 wie
1356 3988 1435 4048 St.
1541 3990 1758 4047 welche
1782 3991 1872 4046 die
1941 3991 2306 4047 esammtzahl
2328 3992 2422 4048 des
2450 3993 2616 4049 Stan-

367 4057 450 4135 5.4·
471 4059 520 4111 ’1.
544 4083 616 4093 -
636 4057 881 4123 optimus
905 4086 972 4096 -
996 4058 1150 4113 nicht
1173 4058 1231 4113 in
1255 4073 1436 4114 mora·
1541 4059 1638 4115 des
1685 4059 1932 4126 (oenus)
1960 4059 2317 4123 ausmachen;
2356 4060 2418 4114 di
2467 4063 2619 4119 undi

365 4121 614 4186 lischem,
640 4122 799 4203 sond.
822 4124 881 4180 in
897 4124 1250 4194 politischem
1269 4142 1322 4180 u.
1344 4142 1435 4182 so·
1540 4152 1608 4164 -
1632 4127 1794 4189 „sich
1820 4130 2194 4183 zerstreuen“.
2215 4152 2286 4169 —-·
2308 4126 2362 4194 5)
2385 4126 2426 4182 D
2452 4144 2482 4182 e
2505 4127 2614 4184 De-

365 4187 560 4245 cialem
606 4189 800 4247 Smne:
850 4192 949 4248 der
995 4190 1156 4255 Adel,
1207 4192 1297 4248 die
1333 4193 1436 4249 Be·
1539 4192 1757 4251 finition
1781 4201 1895 4250 erst
1919 4195 2165 4262 negativ,
2202 4194 2345 4250 dann
2371 4195 2611 4264 positiv;

365 3512 458 3704 {30
504 3511 851 3583 Tyrannen),
909 3513 1022 3570 und
1073 3513 1191 3572 Och
1215 3515 1440 3573 okratie
1544 3520 1601 3581 1,
1648 3522 1707 3580 2,
1754 3522 1847 3571 43:
1917 3520 2008 3573 rei
2045 3516 2187 3582 maie
2262 3524 2521 3581 erentes,·
2558 3538 2616 3590 p.
