2975 4842
1146 166 1718 265 .-—‘165.—

592 403 747 489 187}
821 434 1046 515 Ueber
1091 431 1318 501 einige
1363 392 1781 500 Delphisohe
1824 429 2391 499 Orakelspriiche.

1191 541 1267 608 (a.
1305 544 1474 597 divin.
1510 543 1586 607 11,
1623 544 1688 594 56
1716 542 1780 607 f.)

535 662 652 724 Sed
682 663 799 724 iam
831 662 904 724 ad
931 668 991 723 te
1022 661 1208 733 venio,
1464 711 1470 716 .

568 750 573 755 ’
605 751 829 809 ‘Sancte
856 748 1077 825 Apollo,
1109 752 1205 825 qui
1235 748 1553 807 umbilicum
1584 759 1794 808 certum
1825 744 2093 808 terrarum
2125 751 2365 822 obsideS,

605 836 779 892 ‘Unde
810 836 1193 909 superstitiosa
1227 837 1461 909 primum
1486 852 1642 894 saeva
1667 836 1835 892 evasit
1854 852 1957 892 vox
1987 836 2100 893 fera
2116 830 2204 912 ¹).'

361 917 507 979 Tuis
549 917 707 979 enim
771 915 1029 977 oraculis
1069 915 1433 996 Chrysippus
1482 923 1674 978 totum
1727 915 2000 978 volumen
2052 916 2342 998 implevit,
2395 919 2613 996 partim
2707 922 2708 927 ’

360 1001 539 1072 falsis,
572 1008 638 1062 ut
668 1017 777 1079 ego
809 998 1038 1082 opinor,
1073 1002 1289 1079 partim
1320 1019 1463 1063 casu
1498 1003 1670 1072 veris,
1713 1009 1780 1062 ut
1807 1002 1874 1062 fit
1900 1002 1963 1061 in
1995 1003 2157 1061 omni
2186 1003 2454 1063 oratione
2483 1019 2612 1063 sae-

357 1086 635 1166 pissime,
687 1088 904 1164 partim
944 1083 1276 1164 flexiloquis
1330 1093 1389 1147 et
1429 1084 1731 1163 obscuris,
1784 1093 1852 1147 ut
1895 1086 2195 1166 interpres
2226 1093 2398 1165 egeat
2425 1088 2611 1147 inter-

357 1177 529 1251 prete
544 1167 588 1249 2)
621 1175 680 1231 et
709 1186 842 1230 sors
870 1172 997 1249 ipsa
1030 1166 1107 1231 ad'
1133 1177 1325 1229 sortes
1355 1170 1670 1231 referenda
1696 1170 1789 1242 sit,
1819 1171 2039 1250 partim
2062 1170 2356 1248 ambiguis
2378 1178 2437 1232 et
2458 1189 2612 1251 quae

359 1255 435 1317 ad
465 1254 839 1316 dialecticum
873 1254 1195 1315 deferenda
1236 1251 1433 1334 sint3).
1493 1255 1641 1316 Nam
1685 1272 1822 1316 cum
1862 1254 1962 1316 illa
1993 1272 2124 1317 sors
2155 1255 2308 1317 edita
2341 1264 2432 1318 est
2461 1273 2611 1334 opu·

356 1338 688 1401 lentissimo
723 1341 853 1417 regi
883 1340 1082 1399 Asiae:
2441 1340 2444 1341 ’
2517 1346 2522 1349 ⁴
2693 1360 2696 1365 ·

566 1426 826 1485 ‘Croesus
857 1427 1045 1501 Halym
1071 1435 1367 1501 penetrans
1398 1445 1648 1502 magnam
1679 1427 1959 1503 pervertet
1989 1427 2311 1503 opum'vim’
2329 1423 2397 1506 4),

355 1508 748 1589 hostiumvim
761 1526 894 1570 sese
914 1517 1333 1587 perverturum
1363 1509 1605 1587 putavit,
1638 1510 1925 1587 pervertit
1954 1517 2151 1571 autem
2167 1528 2355 1572 suam.
2400 1509 2609 1570 Utrum

354 1594 536 1672 igitur
579 1611 785 1654 eorum
814 1593 1170 1664 accidisset,
1215 1610 1419 1653 verum
1465 1591 1774 1654 oraculum
1818 1593 2041 1656 fuisset.
2105 1595 2224 1656 Cur
2267 1602 2464 1654 autem
2493 1593 2611 1652 hoc

358 1677 600 1737 credam
645 1695 926 1756 umquam
972 1678 1195 1738 editum
1238 1675 1494 1738 Croeso?
1549 1684 1649 1740 aut
1688 1679 2056 1739 Herodotum
2094 1696 2202 1739 cur
2243 1679 2607 1739 veraciorem

357 1761 571 1823 ducam
611 1761 839 1822 Ennio?
897 1759 1048 1822 Num
1091 1763 1287 1822 minus
1328 1760 1428 1822 ille
1472 1764 1667 1842 potuit
1695 1762 1769 1823 de
1800 1762 2020 1824 Croeso
2065 1781 2240 1841 quam
2274 1763 2347 1823 de
2377 1761 2609 1840 Pyrrho

357 1846 585 1925 fingere
625 1846 852 1907 Ennius
869 1843 950 1925 ⁵)?
1022 1842 1165 1914 Quis
1208 1847 1365 1907 enim
1409 1853 1501 1908 est
1531 1848 1630 1926 qui
1673 1847 1878 1908 credat
1916 1846 2205 1927 Apollinis
2249 1865 2320 1907 ex
2365 1844 2606 1907 oraculo

353 1930 584 2010 Pyrrho
617 1948 745 1991 esse
776 1948 1164 2008 responsum:

805 2018 928 2075 ‘Aio
963 2023 1035 2090 ιε’,
1068 2020 1284 2092 Aecida,
1315 2018 1589 2079 Romanos
1618 2022 1840 2078 vincere
1868 2013 2160 2096 posse'⁶)‘?
2670 2091 2674 2096 1

237 2120 242 2125 ·
351 2099 623 2161 Primum
652 2099 859 2187 Latine
888 2098 1097 2177 Apollo
1156 2117 1482 2180 numquam
1540 2100 1771 2163 locutus
1831 2109 1938 2162 est.
2021 2100 2246 2163 Deinde
2303 2101 2415 2161 ista
2474 2119 2608 2162 sors

354 2281 540 2350 geln“‚
565 2289 674 2339 nat.
700 2282 751 2338 d.
777 2288 824 2348 2,
843 2287 893 2352 5,
915 2287 1004 2338 14:
1028 2284 1260 2351 facibus
1288 2284 1429 2343 visis

353 2348 711 2414 caelestibus;
763 2350 875 2407 Cat.
919 2356 976 2414 3,
1019 2354 1077 2406 8:
1130 2354 1286 2408 visae
1327 2368 1431 2409 no·

353 2424 555 2473 cturno
599 2424 853 2488 tempore
895 2417 962 2475 ab
1007 2418 1291 2475 occidente
1331 2420 1427 2486 fa-

351 2501 478 2546 ces:
503 2485 625 2541 Liv.
647 2490 730 2548 41,
757 2490 822 2538 21
849 2505 903 2543 u.
929 2490 978 2541 ὃ.

374 2598 377 2601 ,
421 2554 473 2618 1)
498 2553 669 2609 Verse
690 2581 756 2593 -
784 2554 1133 2611 trochaische
1151 2555 1424 2610 Tetrame·

349 2628 437 2676 ter
459 2620 825 2700 (cutalectici)
851 2650 916 2658 —
936 2630 1104 2680 entw.
1126 2639 1226 2678 aus
1249 2623 1423 2679 einem

352 2687 446 2744 alt.
469 2686 692 2745 Dichter
718 2690 804 2747 od.
829 2706 939 2747 von
964 2690 1072 2747 Cic.
1097 2689 1274 2747 selbst
1297 2708 1343 2749 a.
1370 2689 1420 2745 d.

351 2755 564 2812 Griech.
589 2756 891 2814 iihersetzt.
931 2785 997 2794 ·—
1035 2758 1330 2814 umbilicus
1358 2786 1419 2795 -

349 2840 419 2878 zu
444 2823 522 2880 St.
558 2828 680 2887 166,
706 2829 758 2880 4.
805 2853 870 2862 -
917 2827 1323 2891 superstitiosa
1355 2852 1421 2861 —

345 2890 782 2956 „weissagend“,
819 2907 882 2947 so
917 2890 968 2945 h.
1001 2891 1192 2946 Plaut.
1225 2892 1422 2959 Amph.

346 2962 396 3021 1,
422 2961 469 3019 1,
490 2960 613 3010 167:
640 2972 766 3023 sup.
787 2958 982 3020 homo;
1002 2956 1075 3013 ib.
1096 2956 1419 3020 Curc.3,27:

346 3040 475 3090 sup.
500 3023 590 3079 hic
617 3030 705 3080 est
724 3024 975 3093 quidem:
1012 3025 1148 3081 Rud.
1172 3029 1222 3088 4,
1247 3030 1297 3088 4,
1323 3029 1420 3080 95:

346 3091 395 3147 si
411 3093 516 3148 ista
535 3108 662 3159 sup.
681 3099 777 3148 aut
796 3091 1007 3148 hariola
1026 3099 1128 3148 est.
1154 3121 1220 3129 -—
1243 3108 1421 3149 saeva

343 3185 413 3199 —·
435 3159 738 3230 pradicativ
764 3177 831 3216 zu
856 3162 1039 3216 evasit
1048 3202 1061 3222 ,
1098 3159 1312 3216 starker
1336 3155 1418 3216 als

341 3228 505 3296 fera,
540 3245 608 3285 zu
644 3228 938 3283 verstehen
965 3243 1015 3283 v.
1043 3227 1093 3282 d.
1120 3228 1418 3287 ekstatisch

346 3311 468 3351 erre
510 3303 603 3349 ten
636 3295 862 3363 Pythia;
905 3294 1418 3352 hemerkenswerth

344 3361 434 3442 die
495 3365 586 3418 rei
593 3361 847 3431 Epitheta
860 3380 931 3417 zu
940 3378 1070 3420 vox.
1088 3389 1156 3401 --
1173 3363 1226 3444 2⁶)
1243 3362 1421 3445 Chry3

341 3444 545 3559 ἔρξ’
581 3446 738 3577 „1³31
752 3429 944 3566 3ἓὲθέ
971 3436 1417 3556 ἓθὸνειῖἔίιοῖΐιῖ

339 3564 631 3628 Worten“,
657 3565 746 3621 die
770 3565 912 3621 dann
932 3565 1163 3634 zufsuig
1189 3566 1415 3623 eintref-

339 3629 433 3687 fen
467 3632 542 3687 im
571 3632 981 3690 menschlichen
1010 3633 1279 3697 Verkehr;
1315 3635 1415 3690 der

340 3698 475 3753 Text
522 3698 666 3756 viell.
724 3699 1034 3757 verdorben
1082 3700 1303 3762 [Orelliz
1352 3705 1414 3757 in

340 3766 496 3822 omni
512 3766 880 3845 oraculorum
902 3767 1181 3836 ‘rationek
1201 3769 1311 3837 vgl.
1333 3769 1412 3825 St.

338 3836 430 3896 57,
469 3836 523 3887 1:
577 3848 636 3889 m
670 3838 823 3890 omni
859 3838 1141 3892 orationis
1182 3837 1412 3893 ratione.

332 3927 405 3963 7—-
433 3901 783 3972 flexiloquus
820 3932 882 3941 —
918 3921 1025 3959 nur
1059 3904 1113 3960 h.
1147 3922 1202 3961 u.
1234 3906 1413 3962 Amm.

334 3967 523 4025 Marc.
557 3974 647 4033 31,
682 3975 741 4035 2,
779 3974 867 4026 11:
901 3972 1101 4038 flexile
1139 3975 1200 4050 ui
1231 3978 1286 4029 et
1317 3973 1412 4028 ob—

336 4040 504 4093 scuri
523 4063 591 4076 —·
616 4037 861 4106 gebildet
879 4039 1017 4094 nach
1040 4041 1102 4091 λο
1141 4057 1204 4101 ος
1223 4056 1276 4095 ιι.
1299 4044 1414 4093 Λο-

340 4103 469 4168 ξίας
495 4104 584 4172 (=
607 4105 895 4176 Apollon),
921 4108 1291 4174 „gewunden,
1318 4122 1410 4175 ge-

337 4169 652 4232 schraubt“.
699 4204 767 4213 —
812 4176 1107 4242 interpres
1128 4203 1198 4213 -
1232 4178 1410 4239 inter-

1526 2290 1722 2353 prete,
1754 2285 1865 2341 wie
1890 2284 1967 2340 St.
1994 2290 2085 2348 72,
2110 2289 2166 2348 2,
2203 2283 2545 2352 ,‚Ausleger“
2569 2286 2607 2344 i.

1573 2396 1586 2409 .
1612 2353 1897 2411 coniector
1922 2352 2048 2421 (div.
2073 2358 2122 2415 2,
2148 2350 2256 2421 65).
2305 2381 2371 2390 -
2421 2353 2473 2416 3)
2512 2368 2607 2408 re-

1527 2371 1696 2489 sserre
1730 2421 1810 2476 ad
1839 2448 1909 2459 -
1948 2419 2227 2491 publicist.
2271 2428 2307 2476 t.
2347 2428 2387 2476 t.
2423 2436 2491 2474 zu
2525 2418 2604 2476 St.

1531 2493 1622 2553 61,
1648 2493 1707 2552 8;
1742 2489 1890 2545 hier:
1928 2488 2355 2555 ‚,verweisen“;
2405 2504 2604 2555 synon.

1531 2557 1767 2626 deferre
1792 2557 1893 2619 ad,
1929 2555 2157 2614 obwohl
2189 2557 2292 2613 mit
2315 2556 2367 2612 d.
2390 2554 2604 2611 Neben-

1528 2623 1736 2706 hegriss'
1752 2625 1852 2681 der
1866 2624 2233 2681 Beschwerde
2257 2641 2310 2680 ιι.
2329 2623 2604 2691 Anklage:

1527 2693 2008 2760 „hmterhringen,
2039 2693 2358 2761 vorlegen“.
2388 2721 2452 2729 -—
2484 2709 2603 2746 am-

1525 2762 1730 2829 biguus
1753 2788 1821 2798 —
1846 2760 1994 2829 „dop
2068 2761 2327 2827 lsinnig“,
2363 2776 2411 2812 v.
2438 2758 2490 2815 d.
2525 2759 2604 2814 al·

1526 2828 1835 2884 ternativen
1878 2826 2006 2894 Mog
2027 2827 2264 2908 ichkeitffl
2297 2855 2366 2868 -—
2410 2826 2473 2890 4)
2507 2826 2605 2906 Bei

1527 2894 1744 2950 Herod.
1775 2896 1900 2957 1,53
1923 2895 1982 2950 in
2003 2894 2203 2950 Prosa:
2230 2913 2304 2961 ην
2331 2908 2602 2962 στρατευ-

1527 2976 1696 3029 σηται
1722 2953 1817 3013 ἐπὶ
1845 2957 2103 3030 Πέρσας,
2131 2978 2200 3028 με
2242 2953 2389 3027 ἄλην
2415 2955 2524 3028 offex
2546 2954 2602 3012 'v
2635 2970 2638 2973 ’

1527 3030 1776 3093 Κροῖσον
1800 3029 2149 3093 καταλῦσαις
2230 3028 2349 3095 rieg
2375 3028 2543 3083 zwisc
2587 3070 2601 3084 .

1524 3095 1768 3153 Kroesos
1806 3113 1859 3152 u.
1891 3096 2074 3163 Kyros
2099 3100 2217 3151 549.
2262 3122 2332 3134 —-
2378 3095 2432 3160 5)
2466 3095 2598 3150 Was

1525 3163 1633 3220 Cic.
1689 3179 1799 3219 von
1859 3165 2010 3220 einer
2065 3163 2379 3232 moglichen
2425 3162 2600 3219 Erfin-

1523 3231 1636 3287 dun
1678 3230 1847 3298 sgabe
1869 3231 2169 3289 Herodot’s
2205 3239 2353 3300 sagt,
2396 3231 2602 3288 heruht

1523 3298 1623 3355 auf
1639 3246 1695 3355 Ξ.
1723 3298 1970 3380 ξειίεοὶιθιι
1995 3298 2262 3380 Parallele
2288 3301 2387 3356 mit
2413 3300 2463 3356 d.
2488 3302 2600 3353 An·

1523 3366 1904 3426 nalendlchter
1920 3369 2144 3425 Enmus.
2167 3398 2237 3408 —-
2260 3368 2312 3433 6)
2337 3366 2596 3429 Deutsch,
2645 3427 2654 3433 ,

1521 3434 1620 3490 des
1663 3436 1932 3505 nothigen
1965 3435 2333 3507 Doppelsinns
2377 3433 2596 3500 halbet:

1520 3503 1656 3566 „die
1687 3503 1955 3571 Epiroten
2000 3531 2064 3541 -—
2109 3503 2197 3558 die
2230 3502 2482 3557 Romer“.
2531 3534 2599 3542 -

1517 3571 1799 3627 Aeacides
1855 3598 1925 3608 —-
1983 3568 2132 3637 sing.
2184 3567 2597 3634 „Nachkomme

1518 3638 1614 3695 des
1648 3638 1904 3693 Aeakos“
1947 3637 1997 3692 d.
2032 3638 2086 3692 h.
2119 3635 2395 3704 Pyrrhus,
2430 3634 2597 3692 insof.

1519 3703 1700 3760 dieser
1747 3704 1847 3760 der
1891 3702 2033 3772 Sage
2079 3705 2220 3761 nach
2268 3703 2595 3765 abstammte

1519 3788 1627 3827 von
1645 3771 1910 3838 Pyrrhus
1924 3771 2320 3841 Neoptolemos
2332 3770 2595 3826 -Achil-

1517 3837 1599 3894 les
1632 3866 1701 3876 —
1733 3839 1932 3895 Peleus
1964 3876 2032 3884 —
2073 3839 2287 3896 Aeakos
2337 3839 2595 3906 (Richter

1518 3905 1619 3961 der
1641 3905 1976 3963 Unterwelt:
2005 3907 2083 3964 St.
2109 3912 2192 3970 62,
2220 3906 2337 3972 15);
2365 3907 2462 3962 der
2484 3905 2594 3961 Κό-

1517 3973 1573 4028 ni
1637 3989 1746 4030 von
1756 3973 1953 4043 Epiros
1980 3992 2099 4031 war
2122 3973 2269 4030 noch
2288 3973 2593 4031 obendrein

1515 4041 1588 4097 lei
1628 4040 1804 4097 licher
1828 4041 1981 4099 Sohn
2007 4042 2103 4098 des
2122 4040 2405 4099 Aeakides.
2440 4041 2592 4096 Wei-

1516 4108 1701 4165 terhin
1718 4125 1901 4178 qenus
1912 4111 2301 4167 Aeacidarum
2311 4109 2400 4167 die
2419 4125 2592 4177 ganze

1515 4176 1683 4234 Reihe
1725 4177 1824 4234 der
1864 4177 2335 4248 Epirotenkonige
2382 4176 2587 4234 umfas-
