2975 4842
1352 253 1814 320 „136-

449 427 727 489 vitiorum
746 424 819 507 ¹)!
862 424 1001 505 quid
1047 443 1167 488 non
1207 425 1387 488 modo
1415 443 1545 497 nos,
1580 424 1689 487 sed
1716 425 1960 487 omnino
1990 425 2106 487 vita
2134 425 2441 489 hominum
2472 429 2603 491 sine
2632 436 2693 490 te

446 529 584 574 esse
612 510 937 592 potuisset?
992 509 1086 572 Tu
1115 507 1297 575 urbes
1326 510 1637 590 peperisti,
1675 518 1740 571 tu
1768 507 2084 590 dissipatos
2110 509 2383 575 homines
2410 513 2475 572 in
2503 513 2694 575 socie·

448 603 633 659 tatem
656 597 807 658 vitae
825 597 1159 659 convocasti
1173 593 1239 675 ²),
1265 601 1333 657 tu
1353 613 1458 656 eos
1476 596 1634 657 inter
1657 612 1722 656 se
1744 595 1939 675 primo
1964 594 2291 666 domiciliis,
2314 595 2531 657 deinde
2547 613 2690 661 con·

447 681 653 759 iugiis,
697 688 822 743 tum
852 678 1185 743 litterarum
1217 685 1275 742 et
1303 697 1516 743 vocum
1547 679 1965 745 communione
1994 679 2263 751 iunxisti,
2309 688 2373 743 tu
2401 681 2692 743 inventrix

448 763 668 844 legum,
701 773 768 826 tu
796 765 1076 842 magistra
1104 782 1344 826 morum
1367 771 1428 826 et
1449 762 1795 843 disciplinae
1815 763 1981 826 fuisti
1995 761 2061 844 3).
2104 763 2193 826 Ad
2215 772 2275 826 te
2295 765 2690 844 confugimus,

444 868 486 911 a
517 860 576 910 te
606 867 781 930 opem
812 850 1096 929 petimus,
1138 848 1245 910 tibi
1284 866 1393 910 nos
1437 855 1506 909 ut
1534 856 1707 910 antea
1737 864 1951 927 magna
1982 866 2056 910 ex
2083 856 2254 929 parte
2283 849 2368 911 sic
2397 867 2559 912 nunc
2589 868 2692 930 pe·

453 934 613 995 nitus
644 941 916 1014 totosque
944 950 1054 994 nos
1084 933 1389 996 tradimus,
1442 934 1549 997 Est
1577 940 1773 995 autem
1803 950 1960 996 unus
1989 933 2114 995 dies
2142 932 2300 995 bene
2329 941 2390 995 et
2417 952 2491 996 ex
2520 951 2694 1012 prae-

443 1019 639 1098 ceptis
696 1019 815 1079 tuis
868 1025 1036 1080 actus
1098 1019 1370 1099 peccanti
1420 1016 1848 1083 immortalitati
1901 1015 2429 1098 anteponendus4).
2514 1019 2695 1081 Cuius

445 1103 629 1182 igitur
657 1105 852 1183 potius
881 1102 1101 1182 opibus
1129 1110 1366 1167 utamur
1390 1119 1568 1181 quam
1599 1103 1733 1174 tuis,
1766 1120 1919 1182 quae
1944 1110 2003 1165 et
2023 1103 2175 1164 vitae
2202 1101 2693 1181 tranquillitatem

443 1185 657 1266 largita
688 1187 859 1250 nohis
898 1206 967 1250 es
1000 1195 1060 1249 et
1088 1194 1384 1250 terrorem
1414 1188 1623 1250 mortis
1667 1187 1991 1252 sustulisti?
2049 1186 2135 1248 Ac
2161 1186 2536 1267 philosophia
2565 1190 2696 1268 qui-

442 1271 585 1335 dem
624 1279 855 1334 tantum
900 1271 1069 1334 abest
1109 1280 1176 1334 ut
1214 1270 1470 1352 proinde
1511 1291 1582 1335 ac
1611 1270 1686 1334 de
1724 1272 2030 1334 hominum
2063 1280 2154 1339 est
2181 1274 2297 1333 vita
2325 1273 2536 1335 merita
2567 1271 2695 1335 lau-

439 1355 651 1425 detur,
694 1362 761 1417 ut
788 1375 820 1417 a
851 1355 1152 1436 plerisque
1181 1355 1450 1436 neglecta
1493 1376 1526 1418 a
1555 1356 1753 1419 multis
1795 1357 1974 1420 etiam
2004 1357 2368 1436 vituperetur
2386 1355 2455 1438 ⁵).
2528 1357 2693 1418 Vitu-

440 1457 662 1519 perare
726 1442 1034 1520 quisquam
1090 1443 1244 1502 vitae
1293 1448 1602 1520 parentem
1643 1450 1703 1504 et
1746 1441 1867 1503 boc
1913 1439 2232 1519 parricidio
2269 1460 2334 1503 se
2377 1442 2692 1520 inquinare

448 1522 627 1591 audet
655 1531 715 1586 et
745 1533 861 1586 tam
892 1526 1071 1604 impie
1100 1527 1370 1605 ingratus
1400 1544 1562 1596 esse,
1618 1532 1683 1589 ut
1724 1544 1854 1587 eam
1886 1533 2125 1587 accuset
2155 1544 2333 1608 quam
2363 1528 2559 1587 vereri
2589 1526 2691 1589 de-

441 1606 647 1680 beret,
694 1610 869 1670 etiam
902 1612 953 1671 si
993 1611 1190 1673 minus
1229 1611 1547 1691 percipere
1586 1607 1969 1690 potuisset⁶)?
2029 1609 2167 1682 Sed,
2209 1617 2275 1672 ut
2304 1611 2550 1689 opinor,
2593 1611 2694 1672 hic

440 1710 619 1755 error
649 1700 709 1757 et
736 1695 885 1755 haec
912 1693 1289 1757 indoctorum
1332 1697 1544 1757 animis
1574 1695 1760 1759 offusa
1793 1695 1983 1773 caligo
2016 1703 2137 1766 est,
2174 1694 2334 1774 quod
2366 1702 2485 1757 tam
2516 1695 2696 1775 longe

440 1786 609 1839 retro
649 1778 952 1858 respicere
993 1797 1115 1841 non
1158 1787 1409 1858 possunt
1446 1798 1559 1844 nec
1602 1798 1733 1850 eos,
1778 1798 1814 1841 a
1854 1778 2068 1861 quibus
2109 1779 2221 1840 vita
2255 1779 2562 1841 hominum
2597 1780 2689 1842 in-

434 1869 666 1925 structa
697 1863 904 1943 primis
932 1865 1026 1934 sit,
1058 1864 1242 1927 fuisse
1272 1863 1657 1943 philosophos
1685 1863 2050 1926 arbitrantur
2063 1861 2126 1944 ⁷).

614 1947 805 2020 Quam
844 1966 971 2009 rem
1012 1949 1480 2028 antiquissimam
1516 1967 1652 2011 cum
1682 1948 2013 2020 videamus,
2058 1966 2277 2013 nomen
2318 1955 2520 2012 tamen
2561 1967 2693 2012 esse

436 2031 797 2093 confitemur
827 2050 1039 2095 recens
1051 2030 1118 2113 ⁸).
1392 2072 1397 2077 -
2459 2070 2462 2071 ν

514 2215 564 2279 1)
588 2214 684 2270 Die
710 2214 1001 2271 Gedanken
1025 2215 1204 2272 dieser
1226 2215 1512 2273 laudatio
1614 2216 1869 2283 hiiltniss,
1883 2215 2200 2284 Maassgabe
2211 2216 2590 2284 wie“,vgl.St.
2605 2221 2690 2281 15,

434 2282 567 2339 <sind
593 2281 715 2338 dem
741 2281 949 2339 Platon
994 2282 1138 2352 [rep.
1174 2301 1229 2340 u.
1261 2282 1511 2351 Theaet.]
1614 2290 1663 2341 3.
1707 2313 1776 2322 —
1818 2285 2078 2352 malacia
2099 2285 2193 2341 vit.
2229 2284 2265 2339 i.
2291 2300 2339 2340 e.
2371 2283 2519 2350 negli
2565 2292 2691 2342 atur

434 2349 712 2414 entlehnt,
738 2350 795 2405 in
819 2349 986 2408 freier
1011 2350 1508 2420 Verarbeitung.—-
1615 2360 1673 2408 et
1704 2381 1767 2393 -
1804 2352 1923 2408 vitu
1965 2358 2172 2407 eretur.
2223 2379 2287 2389 -
2335 2352 2388 2417 6)
2424 2370 2501 2409 au
2544 2360 2601 2409 et
2622 2381 2689 2391 —

441 2419 783 2486 indagatrix
829 2446 896 2456 -—
943 2418 1053 2474 wie
1092 2419 1398 2486 expultrix
1443 2447 1510 2458 —-
1611 2420 1726 2476 lnd.
1773 2419 1876 2476 mit
1972 2418 2277 2475 estimmter
2322 2418 2691 2488 Hinweisung

440 2484 751 2542 Neubildun
794 2501 862 2541 en
904 2482 1000 2542 des
1037 2485 1170 2549 Cic„
1220 2504 1327 2543 nur
1368 2487 1507 2550 hier,
1612 2487 1713 2544 auf
1779 2487 1868 2543 die
1937 2485 2278 2543 bestehende
2348 2487 2684 2545 Thatsache:

436 2554 559 2608 ind.
588 2554 727 2608 auch
792 2555 842 2607 ei
879 2553 1000 2609 Val.
1024 2553 1188 2610 Max.
1223 2583 1287 2592 --
1312 2554 1364 2620 2)
1390 2555 1509 2611 dis·
1614 2553 1769 2621 „Und
1793 2554 1938 2611 doch
1964 2561 2116 2621 wagt
2140 2570 2266 2610 man
2302 2571 2359 2611 es
2386 2558 2505 2612 -“.
2554 2555 2688 2612 Ueb.

428 2622 550 2688 sip.
573 2619 718 2676 hom.
754 2651 821 2661 —
860 2636 947 2677 or.
969 2624 1094 2685 1,9:
1137 2621 1297 2676 initio
1335 2636 1512 2689 genus
1610 2622 2000 2690 parricidium
2023 2649 2089 2659 —-
2123 2639 2193 2678 zu
2218 2621 2297 2678 St.
2324 2625 2437 2686 154,
2467 2628 2526 2687 13
2573 2622 2685 2681 Cic.

438 2687 726 2743 'hominum
751 2688 807 2744 in
831 2686 1111 2744 montibus
1138 2704 1200 2744 ac
1219 2687 1372 2744 silvis
1392 2689 1511 2746 dis-
1614 2689 1832 2747 scheint
1855 2688 1955 2745 auf
1978 2689 2100 2761 eine
2123 2688 2537 2746 vermeintliche
2555 2688 2692 2759 Ety-

431 2755 786 2823 .sipatum.-
806 2754 860 2823 3)
886 2754 1212 2812 litterarum
1236 2761 1293 2812 et
1314 2772 1513 2814 vocum
1611 2756 1858 2825 mologie
1888 2759 2128 2825 parenti
2166 2785 2231 2796 -
2271 2759 2485 2815 cidium
2513 2775 2690 2815 anzu-

439 2822 809 2889 -Hysteron
816 2828 1096 2891 proteron
1103 2846 1126 2887 ;
1178 2825 1511 2888 nisti-„du
1612 2824 1844 2895 spielen.
1868 2853 1937 2862 —
1955 2827 2264 2893 percipere
2282 2854 2367 2886 -ἐ
2402 2825 2551 2883 ohne
2576 2825 2689 2882 Ob-

433 2889 553 2946 ·bist
576 2891 932 2958 gewordeffl.
964 2919 1033 2931 —-
1064 2892 1118 2957 4)
1186 2909 1219 2948 o
1244 2893 1386 2948 auch
1410 2891 1510 2948 der
1608 2893 1758 2960 ject?
1785 2921 1849 2931 —
1876 2893 1928 2958 7)
1955 2892 2136 2960 caliqo
2158 2920 2228 2932 --
2259 2891 2493 2956 „Nebel‚
2520 2891 2689 2950 Halb·

431 2957 663 3015 :Stoiker
686 2959 1029 3016 Posidonios
1063 2957 1165 3028 (St.
1191 2963 1316 3022 151,
1343 2960 1393 3025 1)
1419 2959 1510 3015 bei
1612 2958 1878 3023 dunkel“,
1925 2958 2113 3028 haufig
2158 2958 2313 3017 bildl.
2356 2959 2438 3016 als
2476 2960 2688 3028 synon.

431 3024 573 3083 Seu.
602 3042 878 3097 epp.mor.
903 3031 968 3081 78
995 3034 1163 3083 extu:
1197 3027 1358 3084 Unus
1382 3028 1510 3084 dies
1613 3043 1683 3083 zu
1707 3027 1759 3083 d.
1787 3027 2073 3085 starkeren
2097 3027 2393 3091 tenebrae.
2417 3026 2572 3085 Plin.
2597 3044 2686 3098 ep.

438 3093 745 3150 hominum,
775 3094 1119 3151 eruditorum
1175 3094 1304 3174 plus
1353 3102 1509 3164 patet
1613 3100 1673 3161 3,
1700 3100 1758 3158 9,
1800 3100 1888 3150 16:
1940 3111 2238 3165 numquam
2287 3094 2421 3152 mihi
2465 3104 2686 3152 tantum

426 3177 603 3282 guam
650 3162 921 3231 imperitis
970 3162 1293 3230 longissima
1327 3169 1506 3227 aetas3
1612 3164 1904 3231 caliyinis,
1975 3171 2188 3220 tantum
2244 3161 2706 3231 perturbationis.

428 3260 433 3267 ‹
478 3244 584 3291 ers,
624 3229 928 3296 Gegensatz
970 3230 1080 3285 wie
1124 3229 1266 3286 oben
1299 3228 1408 3286 Pis.
1444 3235 1506 3286 3:
1564 3253 1573 3264 ·
1613 3230 1867 3299 offusum
1891 3238 2069 3287 est.--
2082 3233 2289 3299 primis
2307 3258 2374 3268 —
2391 3230 2689 3287 attrahiert

432 3295 573 3353 mihi
620 3312 754 3363 pop,
798 3295 953 3354 Rom.
1013 3311 1125 3351 non
1172 3299 1347 3354 unius
1393 3298 1511 3355 diei
1614 3315 1663 3354 V.
1688 3300 1908 3367 quibus,
1936 3296 2067 3354 weil
2092 3314 2216 3353 zum
2238 3298 2297 3354 lo
2339 3297 2684 3355 ischenSub-

435 3361 890 3429 gratulationem,
962 3362 1059 3418 sed
1127 3366 1508 3422 aeternitatem
1609 3365 1757 3434 J‘ekt,
1798 3366 1951 3421 nicht
1984 3381 2109 3420 zum
2130 3364 2290 3421 Prad‘
2332 3373 2389 3421 at
2428 3366 2685 3433 gehfida

436 3430 1023 3498 immortalitatemque
1055 3430 1294 3488 donavit.
1339 3459 1410 3471 -
1454 3435 1508 3498 5)
1613 3435 1686 3489 B.
1712 3435 1749 3500 3
1775 3436 1899 3495 128,
1925 3437 1956 3484 2
1980 3433 2043 3489 A.
2111 3431 2191 3488 M.
2215 3432 2253 3498 S
2279 3436 2395 3488 911.
2462 3433 2536 3490 Ε.
2562 3432 2622 3491 S„
2649 3434 2685 3500 8

429 3504 657 3555 tantum
704 3498 863 3554 abest
897 3504 961 3555 ut
1003 3526 1071 3535 —
1118 3504 1183 3554 ut
1227 3501 1396 3556 etiam
1441 3528 1509 3537 —
1615 3505 1730 3557 140.
1763 3501 1840 3556 K.
1866 3500 1903 3566 S
1932 3504 2043 3564 109,
2070 3500 2190 3557 Α.9.
2221 3527 2289 3537 -
2312 3500 2365 3565 8)
2392 3516 2685 3558 nomen—

430 3567 609 3629 „weit
633 3565 906 3631 entiernt,
942 3573 1148 3623 anstatt
1181 3567 1306 3623 dass
1341 3565 1508 3636 (zu)“,
1612 3583 1835 3630 recens,
1861 3566 2026 3624 naml.
2051 3568 2157 3624 seit
2181 3567 2546 3637 Pythagoras,
2572 3569 2684 3624 wie

436 3633 687 3700 B.S301,
700 3638 748 3689 2.
772 3633 899 3701 M.S
913 3636 1102 3699 788‚A.
1116 3639 1162 3691 3.
1187 3635 1257 3691 E.
1270 3633 1507 3701 818257,
1613 3634 1692 3691 St.
1726 3639 1820 3699 50,
1871 3650 1969 3690 aus
2012 3635 2136 3691 dem
2168 3634 2452 3704 Fortgang
2485 3634 2684 3704 obiger
2720 3660 2724 3663 ’

434 3706 486 3765 3,
511 3703 572 3757 Α.
602 3706 649 3757 1.
706 3702 782 3758 K.
808 3703 845 3769 S
872 3706 996 3768 142,
1030 3703 1092 3759 Α.
1121 3707 1211 3766 13;
1250 3720 1349 3759 zur
1376 3702 1506 3758 Ver·
1609 3700 1977 3770 Darstellung,
2005 3703 2215 3759 erzahlt
2237 3704 2337 3768 ist;
2365 3703 2513 3772 legg.
2528 3708 2684 3767 1,22;

430 3768 709 3838 -starkung
744 3768 841 3825 des
877 3771 1113 3829 zweiten
1136 3769 1505 3829 Nebensatzes
1607 3770 1688 3826 lta
1721 3769 1784 3827 fit
1816 3776 1878 3825 ut
1910 3778 2086 3826 mater
2129 3771 2373 3827 omnium
2407 3770 2683 3828 bonarum

436 3837 587 3893 steht
610 3836 702 3893 nie
720 3840 939 3905 potius,
981 3837 1048 3893 da
1090 3880 1102 3894 .
1136 3838 1292 3894 nicht
1325 3836 1505 3895 seiten
1610 3837 1810 3894 artium
1828 3839 2116 3905 sapientia
2140 3839 2230 3900 sit,
2258 3855 2289 3894 a
2306 3838 2464 3895 cuius
2483 3854 2683 3895 amore

427 3906 631 3967 etiam,
656 3908 906 3961 maxime
932 3903 1056 3973 (auc
1118 3904 1345 3971 beides),
1371 3921 1505 3963 con·
1612 3904 1819 3961 Graeco
1855 3903 2024 3963 verbo
2058 3906 2428 3975 philosophia
2474 3922 2684 3962 nomen

428 3977 546 4034 tra,
572 3971 737 4037 Tusc.⁴
756 3976 815 4036 2,
842 3977 900 4028 2:
959 3973 1205 4029 Tantum
1246 3974 1407 4030 abest
1441 3978 1506 4030 ut
1606 3973 1816 4031 invenit
1872 3971 2054 4041 [Πίος.
2088 3973 2282 4030 Laert.
2307 3990 2558 4043 prooem.
2587 3977 2686 4030 12:

435 4038 603 4095 scribi
651 4046 844 4096 contra
893 4056 997 4095 nos
1033 4039 1300 4104 nolimus,
1348 4048 1413 4098 ut
1444 4041 1508 4099 id
1566 4051 1568 4053 ’
1607 4041 1968 4109 φιλοσοφίαν
2017 4037 2085 4094 δὲ
2132 4041 2354 4109 πρῶτος
2412 4032 2684 4121 ὥηόμασε

429 4108 607 4162 etiam
632 4108 862 4165 maxime
887 4115 1238 4177 optemuS.-
1254 4109 1504 4176 proinde
1607 4102 1860 4175 Πυθανό
1896 4127 1965 4170 ας
1989 4107 2091 4162 καὶ
2114 4101 2327 4162 ἑαυτὸν
2352 4111 2689 4176 φιλοσοφον

431 4174 1131 4310 ὅξῦῖξὲίηῐὸῐὲἰῶὤξὲἑαὲῖῐ
1148 4176 1503 4299 εοῃᾶνῶίιθῦθὶη
1607 4177 1642 4233 i.
1667 4193 1715 4232 e.
1741 4192 1853 4245 σοφ
1884 4194 1957 4229 αν
1982 4168 2426 4243 ἄσπαζόμενον].
