2975 4842
1278 219 1741 283 -199—

302 450 305 453 .
364 402 726 459 consectans
755 401 1033 474 proterve
1051 392 1218 453 'bene
1249 409 1428 471 saepe
1458 391 1533 453 de
1561 408 1630 452 re
1659 389 1897 470 publica
1927 391 2187 462 meritoS,
2231 391 2453 471 populo
2483 410 2626 472 gra-

368 481 602 543 tificans
643 487 701 540 et
734 476 933 547 ,aliena
975 486 1033 540 et
1074 494 1179 540 sua
1194 474 1272 555 4);
1317 476 1412 537 cui
1457 476 1595 553 quia
1629 476 1857 556 privato
1887 485 2026 538 sunt
2067 477 2323 557 oppositi
2351 479 2619 549 timores,

370 566 591 647 dantur
634 564 886 644 imperia
926 570 985 623 et
1030 579 1097 623 ea
1140 561 1590 630 continuantur3
1644 560 1954 641 praesidiis
1996 562 2203 632 etiam,
2263 569 2327 624 ut
2370 562 2622 625 Athenis

370 648 730 719 Pisistratus,
762 649 1139 726 saepiuntur;
1169 652 1493 726 postremo,
1528 662 1561 706 a
1589 644 1807 725 quibus
1834 644 2114 724 producti
2141 653 2301 724 sunt,
2332 649 2624 709 exsistunt
2721 674 2726 677 ·

361 752 581 796 eorum
612 735 879 812 ipsorum
905 727 1224 817 tyranni5).
1284 753 1288 757 ⁴

947 923 1096 977 208.
1180 921 1382 977 Beste
1424 901 2054 990 Regiorungsform.
2088 985 2103 998 ,

1187 1030 1326 1099 (rep.
1361 1033 1408 1097 1,
1444 1035 1530 1084 45.
1579 1034 1653 1097 11,
1691 1030 1800 1101 23.)

541 1154 711 1226 Quod
756 1170 893 1215 cum
934 1153 1017 1212 ita
1060 1151 1163 1223 sit,
1221 1149 1397 1230 longe
1438 1169 1571 1213 mea
1622 1153 1916 1213 sententia
1967 1151 2293 1231 praestabit
2330 1153 2393 1214 id
2427 1170 2617 1230 genus

360 1240 618 1301 civitatis
647 1236 1069 1317 gubernandae
1112 1234 1269 1314 quod
1315 1236 1430 1297 erit
1457 1245 1772 1315 aequatum
1806 1242 1863 1296 et
1896 1241 2295 1314 temperatum
2325 1256 2396 1298 ex
2426 1237 2619 1300 tribus

360 1325 611 1404 optimis
649 1340 853 1384 rerum
895 1319 1267 1401 publicarum
1310 1320 1502 1381 modis
1519 1318 1583 1397 ¹).
1644 1318 1843 1381 Placet
1879 1321 2040 1381 enim
2086 1339 2217 1383 esse
2247 1320 2524 1402 quiddam
2555 1323 2617 1383 in

362 1428 438 1471 re
467 1406 704 1489 publiea
733 1412 1043 1486 praestans
1074 1411 1134 1466 et
1159 1403 1379 1483 regale,
1414 1423 1544 1466 esse
1573 1404 1730 1466 aliud
1762 1407 2095 1467 auctoritati
2115 1407 2453 1487 principum
2481 1425 2622 1486 par·

367 1495 540 1555 titum
558 1489 603 1571 2)
636 1509 705 1552 ac
734 1490 1043 1561 tributum,
1078 1507 1209 1550 esse
1240 1489 1526 1569 quasdam
1556 1507 1656 1550 res
1686 1496 1945 1551 servatas
1974 1488 2195 1551 iudicio
2216 1491 2621 1572 voluntatique
2655 1516 2662 1523 ⁴

368 1576 781 1639 multitudinis,
840 1574 1003 1636 Haec
1034 1574 1377 1634 constitutio
1406 1576 1667 1654 primum
1699 1573 1880 1636 habet
1920 1574 2397 1654 aequabilitatem
2428 1594 2619 1657 quan·

358 1664 505 1724 -dam
535 1677 807 1737 magnam
843 1677 957 1737 qua
988 1675 1193 1718 carere
1225 1658 1443 1718 diutius
1473 1659 1570 1718 vix
1598 1667 1847 1736 possunt
1874 1656 2049 1717 liberi
2064 1654 2142 1737 3);
2187 1659 2400 1719 deinde
2429 1661 2618 1722 firmi·

366 1746 662 1813 tudinem,
708 1743 866 1821 quod
908 1751 969 1801 et
1008 1739 1109 1802 ina
1148 1742 1339 1821 prima
1380 1740 1579 1811 facile,
1612 1749 1680 1802 ut
1707 1747 1843 1802 ante
1874 1740 2023 1812 dixi,
2054 1742 2116 1801 in
2148 1745 2454 1805 contraria
2474 1746 2616 1807 vitia

358 1835 797 1890 convertuntur
841 1829 926 1906 (ut
967 1826 1207 1886 exsistat
1249 1843 1321 1885 ex
1362 1841 1508 1902 rege
1547 1825 1848 1896 dominus,
1895 1843 1966 1885 ex
1998 1827 2382 1904 optimatibus
2410 1827 2612 1901 factio,

366 1934 442 1975 ex
472 1912 693 1993 populo
726 1910 898 1972 turba
930 1916 989 1971 et
1018 1908 1327 1988 confusio),
1360 1910 1641 1991 quodque
1672 1911 1798 1988 ipsa
1830 1928 2052 1989 genera
2082 1911 2401 1989 generibus
2430 1931 2611 1992 saepe

356 2002 810 2061 commutantur
864 1992 1120 2072 novis⁴):
1167 1993 1283 2054 hoc
1324 1995 1386 2055 in
1426 1995 1541 2057 hac
1590 1996 1791 2056 iuncta
1841 1995 2266 2074 moderateque
2318 2000 2611 2074 permixta

1605 2177 1660 2246 1)
1684 2177 2009 2246 Uebergang
2052 2177 2162 2234 auf.
2192 2179 2287 2236 das
2336 2178 2453 2236 Lob
2502 2182 2604 2238 der

1538 2263 1636 2302 aus
1663 2245 1769 2301 den
1793 2246 1912 2301 drei
1937 2245 2438 2315 Grundprincipien
2463 2265 2608 2317 „ge-

1536 2314 1844 2369 mischten“
1870 2313 2218 2370 Romischen
2244 2315 2600 2384 Verfassung,

1539 2382 1649 2436 wie
1673 2381 1754 2436 sie
1779 2380 1902 2438 dem
1929 2378 2035 2436 Cic.
2059 2380 2140 2436 als
2164 2381 2310 2438 ideal
2336 2383 2434 2439 der
2458 2383 2624 2440 alten

354 2178 550 2247 „allzu
574 2179 825 2248 gfinstig,
854 2193 952 2245 gar
977 2194 1043 2233 zu
1070 2179 1428 2245 angenehm“.

367 2279 435 2287 —
459 2251 511 2312 4)
524 2249 699 2315 deliqi-
716 2274 786 2284 —-
807 2245 961 2301 nicht
980 2262 1088 2301 von
1113 2243 1434 2300 formlicher

366 2315 531 2373 Wahl
557 2332 626 2371 zu
644 2315 952 2375 verstehen‚
979 2312 1245 2368 sondern:
1273 2327 1433 2376 „man

364 2383 595 2440 wendet
613 2382 730 2437 sich
750 2382 868 2437 zu“.
896 2380 991 2436 Die
1001 2380 1434 2447 geschichtliche

252 2498 257 2500 v
365 2449 750 2508 Entwickelun
812 2464 957 2511 war,
991 2446 1351 2504 abweichend
1384 2464 1432 2503 v.

354 2519 520 2574 'Cicls
561 2517 753 2573 Darste
776 2515 938 2584 lung,
997 2516 1110 2577 die,
1170 2516 1296 2573 dass
1345 2515 1435 2572 die

366 2586 582 2641 Griech.
610 2585 900 2652 Tyrannen
931 2584 989 2639 in
1014 2582 1114 2639 der
1134 2583 1306 2652 Regel
1331 2599 1430 2638 aus

358 2654 467 2708 der
521 2651 904 2719 berechtigten
956 2651 1276 2720 Emporung
1335 2651 1433 2706 der

362 2719 685 2776 rechtlosen
718 2719 893 2774 Masse
939 2734 1063 2787 geg.
1095 2719 1185 2776 die
1224 2719 1432 2775 Bedrii-

354 2787 550 2856 -ekung
576 2786 897 2867 'durch‘den
923 2786 1066 2865 fidel
1099 2786 1431 2853 hervorgin-

359 2870 517 2977 {3¹03
536 2852 1205 2998 nss‘ssssiffl’ess'esefflssfflffie
1227 2869 1433 2999 ffi‘i

358 3003 605 3045 maasses
639 3002 748 3041 von
780 2985 1249 3042 demokratischer
1281 2986 1431 3042 Frei-

364 3057 499 3112 heit.
539 3054 600 3109 In
623 3053 811 3108 Athen
836 3069 880 3108 z.
905 3053 962 3107 B.
997 3051 1188 3121 folgen
1214 3053 1301 3109 die
1325 3054 1428 3108 Zu-

364 3123 559 3180 stande
606 3138 670 3177 so
718 3119 815 3176 auf
870 3120 1153 3176 einander:
1225 3119 1431 3187 Konig-

246 3219 253 3224 ·
358 3192 547 3253 thum,
596 3186 1101 3250 Adelsherrschaft,
1143 3189 1426 3255 Tyrannis‚

360 3255 724 3319 Demokratie‚
738 3253 1090 3311 Ochlokratie
1101 3253 1428 3325 (Anarchie)‚

362 3323 727 3390 Riickschlag.
774 3349 844 3360 -
896 3324 1225 3391 qratificari
1268 3350 1335 3360 —
1383 3339 1429 3379 c.

360 3394 490 3448 Ace.
516 3388 884 3458 „aufopterm
960 3390 1311 3458 reisgeben“,
1347 3405 1429 3458 gr.

362 3459 739 3528 χαρίζεσθαι,
766 3455 883 3512 Sal.
932 3473 1024 3526 ug.
1049 3462 1106 3513 3:
1188 3458 1432 3514 otentiae

358 3542 667 3598 paucorum
703 3525 870 3581 decus
913 3533 1081 3595 atque
1119 3523 1160 3580 h
1203 3531 1431 3581 ertatem

351 3611 520 3651 —suam
544 3594 882 3662 qratificari.
930 3621 997 3631 —
1043 3594 1096 3659 ὅ)
1122 3595 1334 3662 opponi
1362 3620 1432 3631 -

352 3661 933 3728 .„entgegenstehen“,
953 3661 1005 3716 d.
1033 3679 1112 3718 or.
1135 3666 1187 3725 2,
1213 3665 1306 3716 83:
1342 3662 1427 3717 his

362 3735 608 3797 quatuor
642 3728 821 3782 causis
864 3728 1094 3784 totidem
1127 3728 1431 3785 medicinae

352 3800 762 3863 -opponuntum
788 3796 1023 3851 timores
1057 3824 1122 3833 —
1157 3794 1255 3852 auf
1283 3813 1428 3853 wes-

352 3879 469 3918 -sen
491 3860 681 3918 Seite?
718 3872 785 3898 -ὲ
816 3861 912 3917 Die
940 3861 1146 3918 Furcht
1178 3863 1274 3919 des
1299 3863 1431 3919 Vol-

354 3929 461 3986 *kes
509 3945 612 3984 vor
652 3927 1027 3996 Uebergriffen
1070 3928 1284 3987 Seitens
1331 3931 1429 3987 des

363 3996 682 4063 bisherigen
705 3994 1114 4053 Privatmannes
1150 3996 1305 4054 fiihrt
1338 3998 1430 4054 da·

362 4065 475 4128 hin,
500 4064 696 4121 dessen
713 4063 891 4119 Macht
910 4081 977 4119 zu
989 4064 1352 4132 legalisieren.
1363 4094 1431 4105 -·

363 4130 624 4188 Wechsel
634 4129 845 4200 d.Subj.
856 4130 1257 4200 mitWendung
1269 4151 1313 4188 z.
1324 4132 1402 4189 Pl.
1416 4151 1433 4187 .·

356 4201 724 4267 saepiuntur,
751 4215 826 4254 sc.
852 4199 1080 4268 imperia
1104 4207 1371 4257 tenentes,

1538 2456 1711 2517 guten
1756 2448 1876 2521 Zeit
1920 2448 2325 2506 vorschwebte.
2407 2452 2604 2508 Aehnl.

1538 2516 1879 2571 Aristoteles
1901 2514 2065 2572 P‘olit.
2090 2520 2152 2582 2,
2188 2522 2245 2571 6:
2308 2514 2454 2572 ἔνιοι
2488 2516 2614 2586 μὲν,

1539 2573 1645 2637 οὖν
1679 2581 1738 2636 λέ
1779 2598 1943 2636 ουσιν
1987 2578 2062 2644 ὥς
2096 2583 2198 2637 δεῖ
2223 2579 2330 2653 τὴν
2364 2580 2607 2666 ἄρίστῃν

1535 2654 1732 2705 noim
1761 2670 1835 2705 αν
1882 2644 1944 2715 ἐξ
1991 2646 2232 2705 ἁπασῶν
2292 2650 2448 2707 εἶναι
2494 2672 2616 2707 των

1534 2720 1840 2773 ποκιτειῶν
1874 2717 2344 2789 μεμιγμένην,
2375 2718 2469 2773 διὸ
2504 2720 2612 2774 καὶ

1535 2784 1643 2855 τὴν
1669 2788 1780 2839 τῶν
1803 2787 2290 2853 Λακεδαιμονίων
2333 2781 2616 2842 ἐπαινοῦ-

1537 2871 1630 2908 σιν
1652 2879 1720 2892 -·
1742 2853 1855 2908 und
1888 2853 2082 2920 Polyb.
2107 2859 2156 2916 6,
2182 2860 2239 2909 3:
2289 2856 2468 2921 δῆλον
2492 2853 2602 2923 γὰρ
2677 2878 2678 2881 “

1535 2916 1612 2981 ὥς
1636 2915 1674 2972 οἱ
1713 2921 1876 2988 ίστην
1899 2917 2007 2986 μὲν
2032 2914 2280 2988 ἡγητέον
2297 2923 2600 2976 πολιτείαν

1534 2984 1644 3055 τὴν
1709 3006 1744 3039 κ
1775 2982 2010 3041 πάντων
2045 2987 2271 3056 (τριῶν)
2310 2990 2425 3043 τῶν
2464 3007 2604 3060 προ-

1536 3051 1852 3123 ειρημένων
1922 3052 2252 3121 ἰδιωμάτων
2322 3058 2608 3111 συνεστῶ-

1537 3139 1666 3176 σαν.
1720 3122 1833 3178 Aus
1869 3122 2186 3180 demselben
2224 3124 2448 3181 Grunde
2482 3125 2608 3183 lobt

1536 3190 1679 3246 daun
1712 3190 1771 3245 in
1804 3191 1902 3246 der
1937 3192 2204 3247 weiteren
2238 3193 2607 3262 Ausffihrung

1534 3257 1635 3315 Pol
1678 3256 1799 3314 bios
1825 3257 1914 3313 die
1936 3257 2228 3315 Romische
2264 3259 2606 3329 Verfassung

1537 3325 1645 3381 ahu
1668 3325 1755 3379 ioh
1789 3326 1901 3381 wie
1935 3323 2043 3382 Cic.
2087 3355 2156 3365 —
2202 3328 2256 3397 2)
2289 3327 2496 3385 Placet
2533 3357 2603 3366 —

1535 3394 1834 3461 imperson.
1862 3394 2007 3450 ohne
2030 3395 2176 3459 Dat..
2203 3412 2249 3452 c.
2269 3395 2398 3460 Ace.
2428 3413 2473 3453 c.
2499 3395 2599 3453 Inf.

1536 3461 1646 3516 wie
1671 3460 1817 3517 oster
1839 3461 1914 3516 im
1943 3465 1989 3516 1.
2014 3461 2199 3518 Buche
2223 3463 2273 3519 d.
2299 3480 2416 3532 rep.
2443 3480 2488 3518 c.
2515 3468 2599 3526 32,

1536 3533 1617 3592 36,
1629 3533 1721 3582 46:
1749 3529 1875 3591 „Ich
1886 3527 2005 3583 will
2018 3548 2032 3592 ;
2062 3546 2119 3584 es
2130 3545 2282 3584 muss
2295 3558 2362 3568 —-
2374 3529 2609 3596 geben“.

1535 3597 1899 3662 -epartitum
1922 3622 1990 3632 -
2014 3594 2401 3660 „zuertheilt“,
2429 3598 2608 3667 'passi-

1535 3662 1689 3718 visch
1713 3662 1825 3718 wie
1852 3661 2011 3718 Caes.
2034 3663 2091 3719 B.
2119 3662 2179 3720 G.
2204 3668 2262 3726 6,
2287 3667 2345 3718 6:
2366 3668 2607 3731 partitis

1535 3730 1711 3797 copiis
1738 3745 1861 3785 cum
1886 3730 2099 3799 legato;
2134 3731 2210 3787 id.
2238 3735 2283 3796 7,
2311 3737 2341 3785 7
2356 3752 2368 3786 ε
2408 3732 2601 3801 plures

1528 3798 1764 3867 partitis
1783 3798 2128 3868 temporibus
2150 3805 2304 3855 erant
2323 3800 2380 3855 in
2402 3817 2606 3870 opere;

1538 3865 1587 3921 d.
1615 3870 1883 3927 or.·3‚'3o:
1928 3866 2376 3947 paullosecusa
2409 3875 2605 3929 meat·

1536 3949 1646 4055 que
1690 3931 1755 3988 ab
1788 3932 1889 3988 illo
1963 3936 2140 3990 artita
2181 3950 2244 3991 ac
2287 3934 2601 3998 distributa,

1562 3999 1680 4056 reil.
1725 4000 1869 4056 ohne
1954 4008 2025 4057 at.
2067 4019 2238 4071 pers„
2289 4002 2388 4058 der
2439 4008 2604 4059 sonst

1536 4067 1690 4123 nicht
1715 4068 2143 4125 vorzukommen
2177 4069 2407 4125 scheint.
2445 4097 2515 4107 -—
2545 4068 2604 4139 3)

1536 4136 1765 4203 quidam
1788 4134 1931 4192 heim
1956 4136 2084 4205 Adj.
2110 4165 2177 4175 -
2212 4154 2279 4192 zu
2305 4136 2383 4194 St.
2410 4140 2493 4202 92,
2520 4141 2605 4195 16'.

1535 4230 1605 4239 —
1643 4199 1698 4271 4)
1741 4202 1920 4266 „weil
1961 4204 2051 4260 die
2084 4202 2493 4262 Grundformen
2535 4222 2608 4262 an
