2975 4842
1353 256 1438 290 ·-
1507 242 1606 325 Ι16
1665 279 1777 306 ,-

348 428 357 441 “
444 417 607 478 iussu
636 414 843 495 populi
862 414 1201 493 regnavisse
1231 413 1512 483 traditur:
1545 432 1721 495 quem
1753 415 1960 491 ferunt
1984 433 2058 475 ex
2087 412 2686 494 servaTarquiniensi

448 509 646 563 natum
661 498 735 580 2),
782 517 916 560 cum
948 506 1106 560 esset
1136 517 1208 558 ex
1238 499 1494 578 quodam
1525 500 1684 577 regis
1727 498 1942 562 cliente
1971 505 2314 578 conceptus.
2395 500 2507 571 Qui
2550 518 2684 565 cum

444 584 802 647 famulorum
833 603 1088 645 numero
1103 580 1147 663 3)
1181 584 1463 645 educatus
1496 583 1566 645 ad
1600 583 1804 663 epulas
1847 586 2007 661 regis
2046 584 2391 654 adsisteret,
2439 602 2559 645 non
2601 584 2684 645 la-

442 673 554 731 tuit
582 670 836 731 scintilla
869 671 1096 748 ingenii
1125 688 1274 748 quae
1304 671 1420 730 iam
1453 675 1578 729 tum
1623 668 1894 730 elucebat
1921 672 1981 727 in
2014 687 2204 747 puero
2217 666 2293 748 4):
2350 671 2435 730 sic
2465 672 2683 731 eratin

444 756 603 815 omni
632 753 724 816 vel
755 754 950 817 officio
981 753 1073 815 vel
1103 772 1379 817 sermone
1409 752 1640 814 sollers.
1703 754 1907 834 ltaque
1937 754 2311 833 TarquiniuS,
2346 752 2682 834 qui'admo-

441 840 584 902 dum
614 857 827 919 parvos
858 847 980 900 tum
1011 838 1259 899 haberet
1299 837 1549 908 liberoS‚
1594 840 1679 900 sic
1722 840 1992 900 Servium
2038 837 2319 916 diligebat
2359 848 2424 901 ut
2462 842 2513 899 is
2556 841 2682 903 eius

439 924 616 1003 vulgo
646 924 970 985 haberetur
999 923 1181 995 filius»,
1216 930 1393 1004 atque
1425 942 1562 984 eum
1592 942 1827 986 summo
1859 923 2053 984 studio
2084 923 2361 984 omnibus
2404 925 2490 984 eis
2535 926 2677 984 arti-

320 1070 331 1075 ,
422 1009 555 1071 ‘bus
587 1027 732 1089 quas
760 1010 889 1087 ipse
921 1008 1209 1070 didicerat
1236 1009 1308 1070 ad
1343 1011 1861 1087 exquisitissimam
1896 1009 2388 1070 cousuetudinem
2421 1010 2678 1071 Graeco-

281 2234 293 2301 -ι
397 2267 400 2271 ,
432 2216 478 2265 1.
505 2211 580 2267 K.
606 2211 642 2276 S
667 2215 778 2272 111,
805 2211 865 2265 A.
884 2215 965 2266 13.
988 2239 1056 2247 —
1079 2212 1132 2274 2)
1152 2213 1396 2278 primus,
1423 2212 1498 2266 im

318 2404 321 2407 ,
428 2364 595 2402 mum.
639 2373 704 2383 --
730 2362 902 2402 serva
935 2347 1104 2414 Tarq.
1137 2374 1204 2385 -—
1229 2347 1327 2402 der

236 2639 241 2643 ⁴
318 2672 321 2675 .
425 2616 1496 2684 wordenwarzLiv.1,39.——-Cic,giebt

438 1112 575 1155 rum
617 1091 912 1173 erudiit5).
988 1093 1106 1155 Sed
1149 1112 1283 1162 cum
1317 1093 1675 1173 Tarquinius
1704 1094 1935 1155 insidiis
1964 1095 2111 1155 Anci
2149 1092 2409 1155 filiorum
2440 1096 2677 1154 interis-

437 1176 585 1257 setss)
630 1179 1017 1259 Serviusque,
1067 1187 1134 1238 ut
1173 1188 1311 1239 ante
1364 1179 1513 1248 dixi,
1568 1196 1822 1258 regnare
1864 1181 2158 1257 coepisset
2208 1197 2330 1239 non
2369 1181 2533 1239 iussu
2575 1179 2679 1239 sed
2733 1238 2738 1244 ,

435 1262 738 1325 voluntate
768 1271 946 1343 atque
977 1281 1267 1324 concessu
1296 1264 1543 1333 civium,
1590 1281 1712 1325 non
1742 1266 2037 1326 commisit
2065 1281 2130 1324 se
2172 1262 2440 1343 patribus
2452 1260 2536 1342 ⁷),
2559 1263 2680 1331 sed

436 1349 762 1428 Tarquinio
791 1348 1024 1428 sepulto
1054 1346 1337 1428 populum
1368 1348 1443 1408 de
1475 1366 1542 1409 se
1581 1351 1711 1426 ipse
1741 1348 2039 1410 consuluit
2078 1351 2393 1428 iussusque
2422 1364 2680 1426 regnare

435 1433 630 1512 legem
661 1433 737 1494 de
766 1435 1019 1512 imperio
1051 1451 1158 1493 suo
1190 1435 1476 1493 curiatam
1509 1433 1645 1494 tulit
1659 1430 1725 1512 ⁸).
1777 1434 1851 1495 Et
1879 1436 2139 1513 primum
2173 1434 2557 1494 Etruscorum
2587 1435 2679 1495 in·
2776 1460 2784 1466 ’

368 1582 372 1589 ,
433 1520 621 1579 iurias
650 1516 806 1578 bello
839 1526 928 1578 est
957 1516 1116 1579 ultus
1134 1517 1201 1597 9).
1222 1517 1669 1595 —‘Adgressus
1693 1519 1837 1579 'inde
1870 1518 2064 1580 estad
2095 1522 2255 1595 pacis
2285 1517 2461 1596 longe
2495 1521 2678 1579 maxi-

434 1621 598 1665 mum
630 1621 812 1682 opus:
860 1620 1103 1663 censum
1133 1605 1290 1665 enim
1325 1605 1592 1675 instituit,
1625 1621 1751 1664 rem
1784 1602 2236 1665 saluberrimam
2271 1611 2436 1665 tanto
2476 1603 2677 1664 futuro

436 1690 721 1767 imperio,
757 1707 830 1749 ex
859 1706 976 1768 quo
1006 1686 1147 1750 belli
1178 1690 1459 1766 pacisque
1489 1682 1691 1750 munia
1723 1706 1843 1764 non
1874 1690 2091 1749 viritim
2122 1696 2190 1748 ut
2218 1698 2386 1765 ante,
2430 1688 2533 1750 sed
2566 1707 2676 1768 pro
2729 1686 2734 1689 ⁴

432 1773 638 1835 ,habitu
669 1777 1062 1851 pecuniarum
1090 1770 1440 1854 fierent10).'
1501 1777 1584 1835 Ac
1624 1775 1884 1854 primum
1915 1773 2152 1851 quidem
2184 1775 2424 1851 scripsit
2469 1781 2674 1835 centu-

1604 1943 1682 1997 ad
1714 1943 1940 2009 exquis.
1974 1946 2225 1997 consuet.
2266 1941 2362 1996 Gr.
2395 1966 2465 1977 —-
2498 1941 2675 2004 „nach

1604 2010 1703 2066 der
1726 2009 2302 2076 ausgezeichnetsten,
2334 2007 2675 2064 erlesensten

1604 2077 1745 2135 Sitte
1780 2078 1878 2133 der
1913 2075 2062 2139 Gr.“,
2101 2076 2149 2132 d.
2189 2077 2242 2131 h.
2279 2093 2341 2132 so
2379 2076 2675 2144 sorgsaltig

1603 2146 1713 2202 wie
1738 2162 1796 2200 es
1823 2143 1911 2200 bei
1930 2144 1982 2200 d.
2003 2143 2270 2200 Griechen
2296 2160 2404 2199 nur
2420 2145 2670 2206 vorkam;

1602 2213 1954 2269 consuetudo
1981 2213 2114 2279 geht
2138 2212 2295 2267 mehr
2319 2211 2419 2267 auf
2446 2218 2674 2268 aussere

1601 2278 2201 2347 Lebensgewohnheit,
2250 2296 2371 2334 mos
2399 2278 2510 2335 -aul'
2549 2281 2671 2335 sitt-

1601 2349 1748 2404 liche
1765 2347 2146 2416 Gewohnung.
2168 2375 2231 2385 —-
2253 2348 2304 2410 6)
2322 2346 2673 2416 Ermordung

1601 2417 1697 2472 des
1723 2416 1881 2485 Tarq.
1906 2415 1992 2470 Pr.
2014 2415 2113 2471 auf
2126 2414 2402 2470 Anstiften
2423 2414 2472 2471 d.
2487 2414 2672 2471 Sohne

1602 2485 1696 2540 des
1732 2486 1862 2539 Anc.
1893 2483 2123 2539 Marcius
2161 2483 2336 2539 durch
2370 2484 2508 2538 zwei
2553 2484 2670 2540 sich

1601 2551 1878 2608 zankende
1891 2551 2079 2606 Hirten
2093 2571 2105 2605 :
2120 2551 2239 2606 Liv.
2255 2556 2301 2616 1,
2316 2556 2401 2606 40.
2412 2549 2672 2607 Contrac-

1598 2620 1719 2677 tion
1743 2620 1801 2674 in
1818 2621 2115 2675 interisset
2134 2646 2204 2659 —-
2228 2636 2295 2674 zu
2321 2618 2399 2674 St.
2423 2622 2513 2682 51,
2536 2620 2595 2674 A.
2623 2624 2672 2676 7.

1598 2716 1665 2726 ——
1707 2686 1760 2756 7)
1782 2689 2068 2743 voluntate
2089 2715 2154 2725 —-
2172 2687 2347 2750 „nach
2369 2687 2668 2751 Wunsch“,

434 1939 726 2007 einzelung
768 1942 862 2006 (so
910 1940 1136 2007 regelm.
1169 1938 1258 1995 bei
1306 1941 1497 2006 unus),

433 2007 483 2065 d.
502 2024 586 2064 or.
605 2013 652 2070 2,
674 2013 739 2061 87
752 2027 764 2062 :
792 2011 1115 2063 acerrimus
1139 2023 1218 2070 ex
1244 2008 1498 2063 omnibus

431 2076 638 2131 nostris
666 2075 918 2132 sensibus
943 2083 1028 2130 est
1047 2092 1241 2130 sensus
1262 2076 1499 2132 videndi.

431 2143 551 2208 B.S
569 2147 679 2205 132,
692 2144 754 2199 A.
767 2148 814 2199 1.
835 2142 916 2197 M.
932 2143 966 2208 S
979 2147 1094 2197 518.
1110 2143 1177 2199 E.
1190 2141 1247 2199 S.
1261 2144 1297 2210 S
1310 2145 1499 2205 145,A.

431 2278 597 2334 Sinne
617 2278 712 2334 des
733 2279 853 2334 hier
872 2278 1356 2345 gewfihnlicheren
1416 2282 1499 2335 ri-

426 2414 568 2470 nach
592 2414 680 2470 die
709 2414 956 2480 Ocrisia,
982 2414 1070 2470 die
1094 2414 1147 2470 h.
1171 2362 1498 2482 Eroherffi}

427 2499 475 2536 v.
514 2480 867 2537 Corniculum
904 2483 1042 2538 nach
1079 2481 1129 2538 d.
1164 2482 1314 2538 Tode
1344 2483 1495 2538 ihres

424 2549 646 2605 Mannes
683 2548 923 2605 Servius
965 2550 1188 2605 Tullius
1222 2548 1496 2618 gesangen

425 2683 785 2740 abweichend
800 2685 933 2741 -dem
954 2691 1093 2753 spat.
1118 2683 1331 2752 Konige
1349 2684 1408 2741 S.
1433 2686 1494 2742 T.

427 2752 587 2832 einen
620 2751 950 2820 „H6rigen“
986 2770 1108 2808 zum
1145 2753 1323 2809 Vater.
1372 2753 1496 2821 [Ra-

423 2820 830 2879 tionalistische
861 2821 1118 2889 Deutung
1151 2820 1246 2877 des
1291 2820 1495 2877 Genius

385 2893 392 2900 '
424 2888 523 2944 der
577 2885 997 2955 Heerdflamme‚
1061 2905 1170 2944 von
1226 2889 1497 2945 welchem

428 2954 586 3013 ovid.
619 2956 761 3012 Fast.
788 2961 844 3020 6,
871 2961 969 3010 627
997 2955 1050 3013 ff.
1086 2974 1139 3014 u.
1172 2957 1322 3013 Plin.
1347 2956 1404 3012 N.
1430 2956 1494 3013 Η.

424 3029 505 3088 36,
534 3029 598 3078 70
625 3024 918 3092 erzahlen.]
963 3053 1033 3070 -ι-
1076 3025 1132 3089 3)
1159 3025 1362 3095 famul.
1390 3042 1495 3081 nu-

422 3109 607 3158 mere,
647 3095 793 3149 ohne
826 3092 1203 3162 Praposition,
1235 3116 1305 3140 ε
1348 3093 1491 3156 loco,

421 3159 537 3224 „als
558 3161 768 3225 Diener,
787 3164 861 3215 im
881 3161 1068 3228 Range
1087 3162 1237 3217 eines
1257 3160 1495 3228 Pagen“‚

425 3227 586 3283 Caes.
613 3228 669 3282 B.
693 3228 751 3283 G.
764 3233 812 3291 5,
832 3233 925 3284 27:
952 3227 1207 3284 obsidum
1226 3244 1464 3284 numero
1473 3251 1495 3291 ‚-

420 3297 496 3351 id.
521 3295 580 3349 B.
610 3294 665 3350 C.
690 3299 739 3357 2,
764 3300 857 3349 44:
884 3294 1195 3362 legatorum
1222 3312 1491 3358 numero,-

419 3362 563 3429 Nep.
597 3361 693 3430 Ep.
731 3367 787 3440 ⁷.=
827 3370 945 3417 erat
978 3361 1055 3417 ibi
1087 3363 1335 3430 privatus
1384 3380 1491 3419 nu—

419 3446 577 3486 mero
610 3429 816 3485 militis.
883 3428 1140 3496 Haufiger
1175 3430 1231 3485 in
1275 3430 1492 3500 Verbdg

418 3498 520 3554 mit
541 3498 758 3562 haberi,
792 3496 952 3553 Caes.
975 3496 1031 3551 B.
1058 3497 1120 3553 G.
1144 3503 1191 3561 6,
1221 3503 1309 3554 13:
1338 3515 1489 3557 num.

418 3566 824 3696 {usse-³45>
843 3564 1491 3705 assumus

417 3700 513 3756 des
540 3700 679 3755 auch
704 3699 757 3757 b.
780 3701 901 3756 Liv.
927 3705 983 3764 1,
1010 3706 1076 3754 39
1109 3719 1163 3758 u.
1188 3703 1249 3758 A.
1278 3704 1487 3760 erzahl-

416 3768 799 3824 teannders
824 3785 932 3824 von
959 3769 1057 3826 der
1076 3769 1169 3826 das
1183 3770 1364 3841 Haupt
1389 3772 1485 3829 des

417 3835 772 3892 schlasenden
796 3835 997 3892 Kindes
1023 3838 1486 3896 umleuchtenden

414 3904 682 3967 Flamme;
723 3903 832 3959 Cic,
861 3904 966 3960 div.
994 3910 1049 3968 1,
1077 3911 1167 3960 53:
1204 3916 1371 3975 caput
1396 3925 1483 3963 ar-

416 3972 556 4028 sisse
591 3971 783 4027 Servio
808 3971 989 4028 Tullio
1023 3973 1318 4031 dormienti
1341 3993 1483 4045 quae

415 4040 647 4096 historia
682 4056 796 4095 non
828 4040 1086 4097 tradidit?
1135 4071 1201 4079 -—
1248 4042 1504 4107 Beachte

416 4107 504 4163 die
545 4107 848 4163 verschied.
891 4108 1075 4165 Zeiten
1125 4110 1182 4165 in
1224 4111 1389 4167 latuit
1431 4129 1482 4167 u.

413 4175 671 4231 elucebat
677 4198 699 4238 ;
719 4175 939 4232 alinlich
959 4179 1355 4245 wieim·gleich
1376 4178 1483 4234 fol-

415 4242 656 4320 genden:
693 4244 958 4312 diligyebat
991 4264 1044 4303 u.
1070 4247 1297 4302 erudiit.
1329 4274 1393 4284 —
1428 4247 1479 4311 5)

1600 2762 1761 2812 sonst
1779 2753 2027 2823 haufiger
2051 2756 2107 2810 in
2132 2754 2183 2810 d.
2196 2755 2357 2811 Form
2382 2756 2451 2810 de
2481 2754 2566 2812 od.
2591 2771 2671 2811 ex

1599 2825 1720 2888 vol„
1746 2824 1824 2878 ad
1848 2824 2202 2879 volunlatem.
2227 2849 2296 2861 --
2316 2822 2579 2890 patribus
2601 2851 2672 2860 —-

1599 2891 1953 2953 hierwieder,
1976 2891 2084 2946 wie
2106 2890 2248 2947 oben
2267 2888 2343 2945 St.
2358 2895 2440 2955 93,
2453 2896 2509 2945 3:
2537 2890 2666 2954 „Se-

1598 2962 1744 3015 nat“.
1768 2987 1834 2996 -
1854 2959 1906 3023 8)
1931 2960 2033 3015 Das
2059 2958 2323 3028 doppelte
2335 2958 2659 3014 Verfahren:

1595 3025 1956 3094 Ksnigswahl
1976 3044 2030 3082 u.
2049 3026 2410 3094 Beststigung
2439 3026 2581 3083 ders,
2612 3027 2669 3081 in

1600 3096 1750 3151 einer
1773 3096 1876 3151 lex·
1895 3097 2126 3151 curiata
2151 3094 2325 3149 durch
2350 3094 2502 3150 dens.
2530 3095 2587 3150 in
2616 3094 2667 3151 d.

1599 3162 1798 3219 Curien
1825 3161 2243 3219 versammelten
2262 3163 2537 3229 populus,
2573 3178 2667 3231 ge-

1596 3231 1729 3287 rade
1755 3231 1866 3286 wie
1890 3230 1964 3286 St.
1991 3235 2072 3293 94,
2095 3235 2151 3294 13
2178 3246 2284 3296 nur
2309 3230 2409 3285 mit
2433 3230 2665 3286 Umstel-

1595 3297 1733 3367 lung
1766 3299 1862 3355 des
1893 3300 2165 3366 populum
2197 3299 2510 3361 consuluit,
2545 3299 2667 3354 hier

1593 3382 1643 3421 v.
1674 3372 1851 3429 lsten,
1891 3367 2019 3422 dort
2054 3382 2103 3422 v.
2137 3370 2265 3421 2ten
2297 3366 2540 3422 Stadium
2567 3365 2666 3421 der

1592 3434 1772 3489 Wahl.
1798 3462 1862 3471 —-
1888 3436 1941 3497 9)
1965 3434 2133 3502 Krieg
2157 3448 2279 3501 geg.
2295 3433 2382 3488 die
2406 3433 2662 3500 (Etrusk.)

1594 3501 1875 3568 Vejenter:
1904 3501 2024 3557 Liv.
2052 3506 2097 3564 1,
2126 3507 2207 3557 42.
2272 3501 2407 3557 And.
2428 3501 2661 3557 Schrift-

1594 3568 1786 3626 steller
1833 3568 2014 3625 lassen
2064 3569 2213 3625 diese
2308 3570 2458 3637 riege
2503 3573 2569 3620 20
2612 3569 2660 3624 J.

1592 3636 1799 3692 dauern
1824 3653 1879 3692 u.
1906 3636 1956 3693 d.
1983 3641 2047 3689 12
2065 3636 2515 3693 Etrusk.Staaten
2540 3635 2661 3693 sich

1593 3704 1810 3760 endlich
1822 3704 1920 3760 der
1931 3705 2083 3761 Rom.
2097 3705 2430 3772 Hegemonie
2452 3704 2662 3761 wieder

1590 3771 1798 3839 fugem]
1832 3801 1902 3810 —-
1937 3775 2019 3838 10)
2046 3776 2269 3839 munia,
2296 3791 2403 3829 nur
2426 3773 2580 3830 Nom.
2607 3790 2658 3828 u.

1588 3839 1808 3897 Acc.Pl.
1834 3841 2151 3904 „Pflichten,
2173 3841 2437 3903 Lasten“;
2463 3843 2657 3899 Zusatz

1590 3926 1687 3964 aus
1724 3908 1843 3964 Liv.
1881 3913 1934 3974 1,
1968 3914 2059 3972 42,
2096 3909 2224 3964 weil
2260 3909 2359 3965 der
2394 3911 2527 3966 Text
2562 3908 2657 3964 des

1590 3975 1696 4031 Cic.
1722 3976 1932 4032 wieder
1965 3975 2284 4034 liickenhal't
2316 3978 2405 4035 ist.
2440 4005 2507 4015 -—
2543 3991 2660 4031 non

1588 4046 1826 4110 viritim,
1853 4047 1959 4107 sed
1988 4075 2055 4082 —
2088 4046 2291 4112 „nicht
2323 4046 2460 4103 nach
2485 4041 2657 4112 Kopi-

1588 4112 1733 4176 zahl,
1760 4113 2002 4170 sondern
2027 4115 2167 4170 nach
2195 4112 2533 4169 Verhaltniss
2560 4113 2654 4167 des

1584 4180 1990 4248 vermogens“;
2025 4183 2233 4236 viritim
2268 4182 2301 4235 i.
2331 4198 2376 4236 e.
2453 4197 2513 4236 er
2540 4180 2656 4234 sin—

1586 4247 1749 4314 gulos
1783 4249 1933 4305 viros
1969 4247 2277 4321 distributa.
2314 4248 2380 4304 -S.
2460 4291 2471 4303 .
2507 4248 2658 4303 rich-
