2975 4842
1325 258 1749 324 „30-

414 441 512 495 tur
543 449 654 512 pro
686 431 875 495 salute
916 414 1145 510 patriae
1175 432 1473 501 severius,
1525 437 1727 493 tamen
1767 430 1825 491 id
1868 431 1889 490 i
1965 448 2066 491 um
2110 431 2268 509 quod
2310 429 2410 495 ille
2451 439 2663 493 contra

412 516 734 597 populares
746 514 791 597 ²)
824 517 1097 578 homines
1127 515 1369 586 diceret,
1411 514 1704 596 populare
1746 516 1912 575 omni
1952 534 2023 577 us
2055 523 2115 576 et
2149 515 2470 577 iucundum
2502 516 2663 578 vide-
2759 579 2764 583 ,

413 611 600 671 retur;
635 604 801 663 cuius
829 602 888 661 in
921 599 1104 661 labris
1144 608 1375 662 veteres
1417 601 1648 670 comici,
1693 601 1868 661 etiam
1912 618 2048 661 cum
2089 599 2174 661 illi
2215 599 2659 672 maledicerent,

414 687 572 765 quod
603 694 731 747 tum
774 684 1021 746 Athenis
1049 686 1180 747 fieri
1219 684 1453 755 licebat,
1496 683 1764 762 leporem
1805 683 2102 746 habitasse
2142 682 2477 764 dixerunt3)
2532 695 2663 746 tan·

412 780 653 851 tamque
684 772 743 831 in
777 788 849 831 eo
882 771 996 830 vim
1027 770 1227 839 fuisse,
1272 778 1337 830 ut
1365 770 1427 830 in
1458 786 1666 830 eorum
1698 768 1999 831 mentibus
2030 770 2132 848 qui
2163 770 2465 831 audissent
2494 772 2664 849 quasi

416 855 654 918 aculeos
699 854 987 934 quosdam
1041 853 1424 933 relinqueret.
1492 852 1627 934 [(or.
1661 858 1715 934 9,
1750 856 1873 930 29.)
1932 853 2096 917 Idem
2138 854 2212 915 ab
2265 854 2664 932 Aristophane

411 945 585 1019 poeta
619 938 868 1017 fulgere,
901 946 1129 1008 tonare,
1161 940 1525 1018 permiscere
1557 939 1870 1000 Graeciam
1901 938 2094 1000 dictus
2125 948 2231 1000 est.
2248 937 2326 1019 4)]
2386 940 2461 999 At
2501 938 2664 1014 hunc

416 1043 534 1086 non
568 1024 932 1087 declamator
972 1022 1185 1104 aliquis
1229 1024 1303 1085 ad
1346 1023 1721 1103 clepsydram
1757 1023 1980 1084 latrare
1992 1022 2036 1103 5)
2082 1023 2383 1095 docuerat,
2426 1023 2552 1092 sed,
2602 1030 2665 1084 ut

414 1110 771 1188 accepimus,
805 1107 1213 1172 Clazomenius
1241 1107 1338 1170 ille
1351 1111 1778 1185 Anaxayoras
1793 1105 1857 1188 6),
1894 1108 1979 1169 vir
2000 1125 2268 1170 summus
2290 1109 2354 1171 in
2377 1110 2662 1169 maxima·

413 1213 548 1258 rum
579 1212 785 1256 rerum
828 1195 1095 1256 scientia.
1157 1193 1360 1273 ltaque
1389 1194 1487 1254 hic
1518 1193 1814 1265 doctrina,
1861 1191 2127 1262 consilio,
2175 1192 2513 1273 eloquentia
2560 1211 2663 1253 ex-

415 1278 636 1340 cellens
668 1278 1057 1357 quadraginta
1101 1295 1288 1340 annos
1331 1279 1589 1356 praefuit
1616 1278 1859 1342 Athenis
1891 1286 1949 1339 et
1976 1277 2228 1340 urbanis
2260 1277 2469 1339 eodem
2511 1287 2661 1338 tem-

412 1381 563 1441 pore
605 1370 666 1424 et
701 1360 990 1439 bellicis⁷)
1028 1362 1231 1425 rebuS.
1307 1366 1477 1438 (Brut.
1514 1367 1621 1442 11,
1652 1366 1777 1439 44.)
1844 1362 2032 1425 Huius
2084 1364 2369 1425 suavitate
2408 1363 2664 1423 maxime

414 1448 703 1511 hilaratae
727 1447 991 1510 Athenae
1022 1455 1188 1516 sunt;
1225 1449 1400 1509 huius
1428 1447 1762 1510 ubertatem
1795 1457 1853 1509 et
1884 1449 2114 1528 copiam
2147 1447 2475 1509 admiratae
2507 1447 2662 1508 eius-

415 1534 550 1594 dem
580 1533 697 1593 vim
730 1532 966 1593 dicendi
995 1540 1410 1611 terroremque
1439 1534 1781 1595 timuerunt.
1881 1573 1888 1579 ι

584 1617 643 1678 b.
687 1620 826 1696 (rep.
862 1622 912 1694 1,
950 1620 1070 1693 16.)
1101 1616 1266 1679 Bello
1297 1616 1398 1677 illo
1430 1619 1686 1679 maximo
1704 1615 1747 1697 ε’)
1780 1616 1938 1697 quod
1966 1617 2361 1679 Athenienses
2390 1616 2663 1678 etLace·

415 1702 713 1763 daemonii
753 1718 982 1762 summa
1021 1703 1180 1762 inter
1220 1719 1286 1763 se
1329 1703 1708 1763 contentione
1748 1707 2091 1779 gesserunt,
2144 1704 2413 1763 Pericles
2460 1699 2561 1761 ille
2603 1709 2664 1762 et

415 1787 764 1847 auctoritate
808 1794 867 1847 et
897 1783 1232 1866 eloquentia
1264 1796 1323 1848 et
1353 1786 1600 1847 consilio
1642 1787 1925 1866 princeps
1967 1787 2215 1847 civitatis
2228 1784 2274 1863 9)
2308 1803 2481 1854 suae,
2524 1803 2660 1846 cum

415 1870 731 1933 obscurato
783 1868 909 1932 sole
966 1869 1249 1933 tenebrae
1300 1870 1489 1932 factae
1544 1878 1743 1932 essent
1789 1878 2038 1950 repente
2092 1870 2663 1949 Atheniensiumque

413 1958 642 2017 animos
675 1973 944 2017 summus
977 1956 1152 2017 timor
1183 1957 1610 2034 occupavisset,
1645 1955 1915 2017 docuisse
1946 1956 2101 2015 cives
2141 1973 2282 2017 suos
2313 1955 2544 2025 dicitur,
2576 1989 2663 1998 —

412 2041 471 2100 id
505 2040 660 2118 quod
681 2042 807 2118 ipse
835 2038 910 2100 ab
926 2040 1270 2117 Anaxagora
1297 2041 1542 2120 physico
1563 2042 1731 2102 cuius
1761 2039 1994 2102 auditor
2006 2040 2201 2103 suerat
2225 2046 2556 2118 acceperat,
2578 2075 2661 2082 --

453 2222 537 2280 eb.
573 2239 665 2278 um
700 2225 818 2285 500,
852 2228 964 2277 trat
997 2223 1136 2278 nach
1170 2222 1488 2279 Aristeides’
1593 2222 1816 2286 hohler,
1862 2222 2173 2279 larmender
2204 2222 2353 2281 Rede
2398 2223 2543 2278 ohne
2575 2221 2661 2277 In-

457 2291 562 2346 ode
598 2290 738 2354 (469)
785 2296 971 2345 zuerst
1005 2288 1086 2345 als
1121 2289 1487 2347 Volksst'ihrer
1592 2289 1726 2347 halt.
1761 2318 1828 2326 ——
1863 2291 1915 2355 6)
1951 2292 2340 2357 Anaxoyoras
2382 2306 2430 2345 v,
2464 2284 2661 2349 Klazo-

412 2376 466 2414 ιι.
503 2358 718 2426 Gegner
742 2356 984 2412 Kimon’s
1019 2358 1237 2413 hervor.
1297 2358 1349 2421 2)
1382 2374 1484 2425 po·
1590 2374 1806 2420 menae,
1840 2358 1953 2413 lon.
1986 2357 2292 2427 Philosoph
2339 2358 2659 2426 (physic-us:

451 2427 649 2482 alares
667 2427 924 2481 homines
945 2445 1039 2479 ——z
1067 2423 1483 2488 „Demokraten,
1590 2442 1708 2494 rep.
1734 2429 1781 2488 1,
1814 2429 1878 2477 16
1911 2444 1965 2482 ιι.
1999 2425 2150 2481 Brut.
2186 2427 2287 2490 11),
2321 2425 2528 2503 LehreJ‘
2563 2425 2660 2480 des

460 2492 880 2555 olksfreunde“;
910 2491 1142 2558 Gegens.
1169 2495 1482 2560 optimates.
1587 2492 1725 2556 Per„
1753 2509 1860 2548 von
1884 2493 2080 2549 dessen
2095 2493 2349 2561 Gegnern
2371 2492 2451 2549 als
2473 2495 2662 2554 αθεος

412 2562 463 2624 3)
490 2561 568 2616 Ζιι
592 2563 794 2616 comici
815 2559 923 2626 vgl.
949 2557 1027 2615 St.
1041 2564 1123 2615 54.
1143 2563 1284 2616 —in
1303 2561 1484 2618 labris
1587 2559 1897 2627 angeklagt,
1924 2560 2147 2617 worauf
2155 2578 2215 2616 er
2226 2561 2406 2616 Athen
2423 2560 2661 2618 >verliess

409 2656 473 2664 —
513 2629 764 2696 leporem
787 2628 1087 2707 fiabitasse
1119 2655 1185 2666 —·
1223 2626 1482 2706 [Eupolis
1588 2645 1642 2684 U.
1667 2633 1699 2680 2
1723 2628 1887 2683 Jahre
1923 2633 2110 2698 spater
2145 2630 2284 2695 (430)
2321 2628 2578 2695 hochhej.
2616 2647 2661 2684 z.

412 2693 544 2763 f1·g.:
593 2698 802 2750 Πειθω
849 2712 936 2754 τις
955 2688 1332 2775 Νέπεκοὶθιὶζεν
1388 2694 1483 2749 επὶ
1587 2695 1919 2764 Lampsakos
1970 2696 2137 2752 starb.
2210 2695 2262 2752 S.
2311 2696 2662 2764 Untersuchg

409 2769 536 2824 τοῖς
572 2764 842 2832 χείλεσιν.
895 2762 1095 2841 ρυτως
1132 2755 1344 2842 ἒκῃλει,
1383 2763 1482 2816 καὶ
1589 2764 1824 2819 richtete
1859 2781 1902 2820 s,
1937 2763 2049 2820 hes,
2095 2763 2193 2819 auf
2234 2765 2283 2821 d.
2319 2764 2524 2820 Wesen
2562 2763 2660 2819 des

411 2825 587 2898 μόνος
634 2831 749 2884 τῶν
796 2826 1058 2899 ρητορων
1125 2833 1207 2883 Το
1245 2826 1484 2898 κέντρον
1587 2831 1725 2892 νοῦς
1760 2848 1813 2886 u.
1848 2831 1946 2886 der
1982 2823 2175 2884 ἄνοια.
2220 2860 2289 2869 -
2332 2834 2383 2896 7)
2445 2832 2663 2887 wadra-

411 2893 783 2967 ἐγκατέλειπε
851 2905 975 2958 τοῖς
1044 2891 1233 2965 ἄκροω
1279 2894 1485 2965 ένοις.]
1585 2901 1746 2965 qima
1770 2915 1954 2955 annos
1986 2927 2053 2938 —·
2090 2899 2267 2955 runde
2301 2899 2407 2956 Zah
2436 2900 2574 2978 'wie
2607 2897 2661 2956 b.

409 2996 478 3004 -
502 2968 559 3024 D.
585 2966 800 3023 Gewalt
832 2966 928 3024 des
965 2966 1078 3022 red.
1112 2965 1237 3022 Peri
1275 2966 1357 3022 les
1391 2966 1482 3022 ub.
1587 2965 1741 3023 Plut.
1786 2965 1907 3022 Per.
1956 2983 2001 3022 c.
2053 2971 2151 3020 16:
2199 2982 2503 3036 τεσσαρακ.
2558 2962 2659 3034 ἔτη

410 3053 459 3091 S.
502 3034 807 3102 Mitbt'irger
854 3034 987 3093 heht
1044 3035 1183 3090 auch
1233 3034 1482 3102 Thukyd.
1587 3029 1897 3102 πρωτεύων
1957 3050 2005 3089 v.
2038 3038 2329 3090 469—429.
2354 3062 2424 3071 —
2454 3041 2510 3091 ei
2534 3034 2659 3089 urb.

409 3104 613 3159 hervor
639 3103 716 3170 [11,
744 3101 849 3168 65].
872 3133 935 3140 —
963 3102 1195 3159 aculeos
1213 3131 1282 3141 ·--
1303 3105 1481 3169 relin-
1588 3108 1644 3156 et
1665 3101 1788 3158 bell.
1823 3117 1890 3158 re
1929 3117 1999 3157 us
2023 3128 2091 3139 —
2116 3118 2184 3156 zu
2221 3100 2300 3158 St.
2324 3105 2391 3154 27
2426 3103 2488 3157 Α.
2513 3105 2561 3157 2.
2592 3126 2661 3139 --

410 3177 610 3236 queret
632 3198 701 3207 —
727 3169 838 3224 Cic.
872 3171 1023 3226 Brut.
1051 3186 1096 3225 c.
1121 3175 1178 3223 9:
1213 3169 1481 3225 Periclem
1586 3171 1639 3234 8)
1688 3169 1853 3226 Bello
1885 3198 1953 3206 —-
1993 3171 2244 3224 maoeimo
2299 3197 2368 3206 —-
2409 3168 2658 3225 Sonnen-

410 3237 518 3292 scri
561 3237 634 3292 sit
667 3236 911 3304 Eupolis,
956 3254 1079 3292 cum
1116 3235 1482 3293 delectatione
1585 3235 1893 3293 finsterniss
1930 3253 2014 3293 am
2052 3242 2099 3292 3.
2134 3238 2273 3303 Aug.
2306 3240 2409 3291 431
2459 3239 2512 3302 (5
2545 3235 2659 3291 Uhr

410 3320 521 3360 acu
544 3318 642 3359 eos
669 3304 829 3358 etiam
865 3305 1170 3370 reliquisse
1206 3304 1261 3358 in
1287 3305 1480 3360 animis
1585 3303 1701 3360 Nm.
1729 3304 1931 3360 Grosse
1966 3308 2013 3366 7,
2040 3308 2072 3356 9
2105 3304 2200 3368 Ζ.).
2244 3304 2410 3359 Thuc.
2446 3303 2518 3365 Π,
2561 3307 2656 3357 28;

411 3386 603 3427 eorum
629 3388 658 3425 a
682 3368 885 3438 quihus
914 3379 1031 3451 erat
1056 3371 1292 3426 auditus,
1316 3399 1385 3451 -5
1408 3371 1481 3438 [4)

407 3439 574 3495 Arist.
607 3438 739 3518 Aph.
783 3439 883 3490 350
907 3438 944 3494 f.
991 3437 1296 3519 Ενξεῦθεν
1340 3438 1480 3508 οργῇ

409 3509 728 3575 Περικλεης
751 3499 1087 3571 Οὗλύμπιος
1113 3507 1457 3570 Ηστραπτεν

408 3567 672 3642 ἐβρόντα,
715 3573 1005 3640 ξυνεκύκα
1049 3567 1156 3642 τὴν
1183 3547 1480 3642 ‘Endooej

405 3642 550 3720 —'5)
578 3643 656 3696 ad
677 3643 850 3709 cleps.
880 3641 1101 3696 latrare
1126 3642 1246 3696 doc.
1265 3668 1333 3681 --
1351 3645 1479 3695 κλε-

406 3708 624 3777 ψυὸρα,
652 3710 825 3772 „nach
853 3709 902 3765 d.
924 3710 1311 3772 Wasseruhr“,
1336 3709 1477 3766 Zeit-

407 3792 634 3838 messer,
655 3776 743 3832 hei
763 3774 959 3833 welch.
973 3777 1147 3833 durch
1169 3793 1215 3832 e.
1228 3774 1479 3834 Trichter

382 3843 504 3899 ‘das
553 3844 780 3900 Wasser
838 3843 1238 3915 tropfenweise
1296 3844 1478 3910 ahlief,

408 3911 554 3969 ahnl.
589 3913 694 3968 (len
729 3912 1076 3975 Sanduhren;
1114 3911 1227 3969 hes,
1263 3913 1314 3969 b.
1340 3913 1477 3970 Vor-

406 3986 619 4047 tragen,
669 3996 770 4035 vor
819 3979 1042 4036 Gericht
1088 3997 1143 4037 u.
1190 3980 1241 4037 h.
1283 3981 1476 4038 Unter-

408 4046 821 4104 richtsstunden
864 4046 1042 4114 gehr.;
1082 4049 1137 4105 h.
1179 4046 1214 4104 l.
1261 4048 1380 4105 also
1431 4067 1475 4105 e.

1585 3371 1689 3424 τοῦ
1760 3364 2007 3451 ὃάὗτοῦ
2078 3368 2296 3439 θέρους
2365 3372 2660 3456 νουμηνίᾳ

1585 3433 1737 3492 κατὰ
1775 3441 2043 3508 σεληνην,
2101 3431 2290 3508 ὥσπερ
2325 3438 2426 3492 καὶ
2473 3455 2658 3506 μονον

1585 3507 1759 3560 δοκεῖ
1779 3502 1930 3560 εἶναι
1967 3509 2276 3575 γίγνεσθαι
2312 3500 2587 3572 δυνατόν,
2628 3500 2657 3558 ὁ

1583 3567 1747 3643 ἥλιος
1803 3567 2031 3641 ἐξέλιπε
2089 3569 2235 3642 μετοὶ
2295 3574 2660 3642 μεσημβρίαν

1584 3642 1683 3695 καὶ
1702 3636 1881 3696 πάλιν
1904 3634 2314 3712 ἀνεπληρώθη,
2341 3635 2652 3721 γενόμενος

1582 3706 1898 3780 μηνοειδὴς
1934 3709 2034 3781 καὶ
2074 3703 2329 3779 ἀστέρων
2364 3726 2540 3762 τινων
2564 3701 2657 3761 ἐκ·-

1582 3772 1907 3846 φανέντων.
1938 3806 2007 3815 -
2032 3780 2083 3843 9)
2101 3781 2384 3846 princeps
2407 3779 2659 3833 civitatis

1582 3862 1726 3903 suae
1750 3871 1817 3884 -·
1842 3845 1949 3912 vgl.
1976 3844 2054 3902 St.
2064 3851 2149 3911 63,
2175 3847 2236 3902 Α.
2248 3850 2298 3901 3.
2322 3872 2389 3881 —
2412 3843 2471 3901 P.
2496 3843 2657 3900 stand

1584 3914 1729 3969 ohne
1763 3912 2022 3969 amtliche
2056 3914 2270 3969 Wiirde
2305 3912 2553 3969 dauernd
2586 3928 2656 3968 an

1582 3979 1633 4036 d.
1659 3979 1844 4049 Spitze
1870 3981 1919 4036 d.
1947 3979 2179 4045 StaateS‚
2215 3979 2383 4047 [ahnl.
2417 3981 2527 4055 wie
2551 3979 2656 4035 Lo·

1582 4063 1748 4104 renzo
1797 4065 1846 4104 v,
1893 4047 2089 4104 Medici
2146 4049 2203 4103 in
2250 4047 2523 4115 Florenz,]
2573 4047 2655 4102 als

406 4113 629 4178 Lehrer,
651 4114 749 4170 der
762 4115 1475 4173 ohneinnereTheilnahme
1579 4112 1761 4184 Haupt
1824 4132 1879 4171 u.
1938 4115 2122 4171 Leiter
2167 4114 2243 4194 'd.
2304 4114 2656 4196 Volkspartei

406 4198 515 4237 nur
540 4181 637 4238 auf
658 4183 746 4239 die
771 4183 883 4241 Uhr
916 4202 971 4241 u.
997 4184 1116 4241 sein
1143 4182 1278 4239 Geld
1315 4183 1474 4239 sicht.

1581 4176 1797 4262 (ἅρχων
1832 4182 1932 4235 καὶ
1958 4198 2306 4262 τςροστατης,
2344 4177 2577 4251 ἡγεμων
2603 4201 2654 4235 κ.

406 4249 629 4307 latrare
646 4278 713 4289 —
740 4253 1043 4316 ,.schreien,
1070 4250 1337 4313 helfern“,
1366 4266 1472 4305 von
1576 4266 1900 4319 προστατης
1922 4251 2134 4321 δημου,
2155 4243 2419 4314 πόλεως).
2441 4249 2656 4319 [Thule.
