<?xml version="1.0" encoding="UTF-8"?>
<!DOCTYPE html PUBLIC "-//W3C//DTD XHTML 1.0 Transitional//EN"
    "http://www.w3.org/TR/xhtml1/DTD/xhtml1-transitional.dtd">
<html xmlns="http://www.w3.org/1999/xhtml" xml:lang="en" lang="en">
 <head>
  <title>
</title>
<meta http-equiv="Content-Type" content="text/html;charset=utf-8" />
  <meta name='ocr-system' content='tesseract 3.04.00' />
  <meta name='ocr-capabilities' content='ocr_page ocr_carea ocr_par ocr_line ocrx_word'/>
</head>
<body>
  <div class='ocr_page' id='page_1' title='image "./chrestomathiaci00ldgoog_0323.png"; bbox 0 0 2975 4842; ppageno 0'>
   <div class='ocr_carea' id='block_1_1' title="bbox 1259 213 1722 279">
    <p class='ocr_par' dir='ltr' id='par_1_1' title="bbox 1259 213 1722 279">
     <span class='ocr_line' id='line_1_1' title="bbox 1259 213 1722 279; baseline 0.002 -1"><span class='ocrx_word' id='word_1_1' title='bbox 1259 213 1722 279; x_wconf 80' lang='lat'>-183—</span> 
     </span>
    </p>
   </div>
   <div class='ocr_carea' id='block_1_2' title="bbox 336 385 2608 1990">
    <p class='ocr_par' dir='ltr' id='par_1_2' title="bbox 336 385 2608 1990">
     <span class='ocr_line' id='line_1_2' title="bbox 528 385 2608 467; baseline -0 -18"><span class='ocrx_word' id='word_1_2' title='bbox 528 387 719 460; x_wconf 88' lang='lat' dir='ltr'><strong>Quem</strong></span> <span class='ocrx_word' id='word_1_3' title='bbox 749 387 987 466; x_wconf 88' lang='lat' dir='ltr'><strong>quidem</strong></span> <span class='ocrx_word' id='word_1_4' title='bbox 1017 387 1295 449; x_wconf 84' lang='lat' dir='ltr'><strong>ardorem</strong></span> <span class='ocrx_word' id='word_1_5' title='bbox 1325 385 1507 449; x_wconf 86' lang='lat' dir='ltr'><strong>studii</strong></span> <span class='ocrx_word' id='word_1_6' title='bbox 1534 387 1788 448; x_wconf 87' lang='lat' dir='ltr'><strong>censetis</strong></span> <span class='ocrx_word' id='word_1_7' title='bbox 1810 385 1994 466; x_wconf 37' lang='lat' dir='ltr'><strong>fuiss-e</strong></span> <span class='ocrx_word' id='word_1_8' title='bbox 2009 386 2072 447; x_wconf 86' lang='lat' dir='ltr'><strong>in</strong></span> <span class='ocrx_word' id='word_1_9' title='bbox 2094 385 2449 450; x_wconf 76' lang='lat' dir='ltr'><strong>Archimede</strong></span> <span class='ocrx_word' id='word_1_10' title='bbox 2478 390 2608 467; x_wconf 87' lang='lat' dir='ltr'><strong>qui,</strong></span> 
     </span>
     <span class='ocr_line' id='line_1_3' title="bbox 341 468 2602 553; baseline -0 -19"><span class='ocrx_word' id='word_1_11' title='bbox 341 473 500 534; x_wconf 79' lang='lat' dir='ltr'><strong>dum</strong></span> <span class='ocrx_word' id='word_1_12' title='bbox 537 473 601 534; x_wconf 91' lang='lat' dir='ltr'><strong>in</strong></span> <span class='ocrx_word' id='word_1_13' title='bbox 645 468 889 553; x_wconf 83' lang='lat' dir='ltr'><strong>pulvere</strong></span> <span class='ocrx_word' id='word_1_14' title='bbox 928 472 1217 552; x_wconf 80' lang='lat' dir='ltr'><strong>quaedam</strong></span> <span class='ocrx_word' id='word_1_15' title='bbox 1263 469 1546 533; x_wconf 80' lang='lat' dir='ltr'><strong>describit</strong></span> <span class='ocrx_word' id='word_1_16' title='bbox 1585 471 1895 541; x_wconf 87' lang='lat' dir='ltr'><strong>attentius,</strong></span> <span class='ocrx_word' id='word_1_17' title='bbox 1951 489 2027 532; x_wconf 90' lang='lat' dir='ltr'><strong>ne</strong></span> <span class='ocrx_word' id='word_1_18' title='bbox 2066 473 2317 549; x_wconf 88' lang='lat' dir='ltr'><strong>patriam</strong></span> <span class='ocrx_word' id='word_1_19' title='bbox 2361 471 2602 550; x_wconf 85' lang='lat' dir='ltr'><strong>quidem</strong></span> 
     </span>
     <span class='ocr_line' id='line_1_4' title="bbox 338 552 2601 639; baseline 0 -21"><span class='ocrx_word' id='word_1_20' title='bbox 338 564 588 636; x_wconf 59' lang='lat' dir='ltr'><strong>captam</strong></span> <span class='ocrx_word' id='word_1_21' title='bbox 620 574 749 619; x_wconf 88' lang='lat' dir='ltr'><strong>esse</strong></span> <span class='ocrx_word' id='word_1_22' title='bbox 778 557 1035 619; x_wconf 80' lang='lat' dir='ltr'><strong>senserit</strong></span> <span class='ocrx_word' id='word_1_23' title='bbox 1052 552 1160 634; x_wconf 70' lang='lat'>1³)‘3</span> <span class='ocrx_word' id='word_1_24' title='bbox 1191 563 1476 634; x_wconf 89' lang='lat' dir='ltr'><strong>quantum</strong></span> <span class='ocrx_word' id='word_1_25' title='bbox 1498 555 1835 617; x_wconf 83' lang='lat' dir='ltr'><strong>Aristoxeni</strong></span> <span class='ocrx_word' id='word_1_26' title='bbox 1854 556 2160 635; x_wconf 85' lang='lat' dir='ltr'><strong>ingenium</strong></span> <span class='ocrx_word' id='word_1_27' title='bbox 2183 566 2601 639; x_wconf 87' lang='lat' dir='ltr'><strong>consumptum</strong></span> 
     </span>
     <span class='ocr_line' id='line_1_5' title="bbox 355 638 2601 721; baseline -0.001 -16"><span class='ocrx_word' id='word_1_28' title='bbox 355 642 620 705; x_wconf 78' lang='lat' dir='ltr'><strong>videmus</strong></span> <span class='ocrx_word' id='word_1_29' title='bbox 660 642 722 702; x_wconf 88' lang='lat' dir='ltr'><strong>in</strong></span> <span class='ocrx_word' id='word_1_30' title='bbox 764 642 1006 703; x_wconf 87' lang='lat' dir='ltr'><strong>musicis</strong></span> <span class='ocrx_word' id='word_1_31' title='bbox 1025 638 1132 720; x_wconf 77' lang='lat'><strong>¹⁴)?</strong></span> <span class='ocrx_word' id='word_1_32' title='bbox 1173 657 1291 721; x_wconf 86' lang='lat' dir='ltr'><strong>quo</strong></span> <span class='ocrx_word' id='word_1_33' title='bbox 1320 638 1515 703; x_wconf 89' lang='lat' dir='ltr'><strong>studio</strong></span> <span class='ocrx_word' id='word_1_34' title='bbox 1545 639 2001 720; x_wconf 81' lang='lat' dir='ltr'><strong>Aristophanem</strong></span> <span class='ocrx_word' id='word_1_35' title='bbox 2038 647 2315 720; x_wconf 88' lang='lat' dir='ltr'><strong>putamus</strong></span> <span class='ocrx_word' id='word_1_36' title='bbox 2346 648 2601 703; x_wconf 87' lang='lat' dir='ltr'><strong>aetatem</strong></span> 
     </span>
     <span class='ocr_line' id='line_1_6' title="bbox 345 722 2601 806; baseline -0.002 -17"><span class='ocrx_word' id='word_1_37' title='bbox 345 730 414 789; x_wconf 80' lang='lat' dir='ltr'><strong>in</strong></span> <span class='ocrx_word' id='word_1_38' title='bbox 459 724 673 787; x_wconf 86' lang='lat' dir='ltr'><strong>litteris</strong></span> <span class='ocrx_word' id='word_1_39' title='bbox 725 722 1089 805; x_wconf 76' lang='lat' dir='ltr'><strong>duxisse¹⁵)?</strong></span> <span class='ocrx_word' id='word_1_40' title='bbox 1164 724 1421 797; x_wconf 84' lang='lat' dir='ltr'><strong>Quidde</strong></span> <span class='ocrx_word' id='word_1_41' title='bbox 1451 725 1804 806; x_wconf 80' lang='lat' dir='ltr'><strong>Pythagora,</strong></span> <span class='ocrx_word' id='word_1_42' title='bbox 1843 724 1984 804; x_wconf 90' lang='lat' dir='ltr'><strong>quid</strong></span> <span class='ocrx_word' id='word_1_43' title='bbox 2013 725 2090 787; x_wconf 85' lang='lat' dir='ltr'><strong>de</strong></span> <span class='ocrx_word' id='word_1_44' title='bbox 2117 725 2364 787; x_wconf 87' lang='lat' dir='ltr'><strong>Platone</strong></span> <span class='ocrx_word' id='word_1_45' title='bbox 2395 735 2494 787; x_wconf 88' lang='lat' dir='ltr'><strong>aut</strong></span> <span class='ocrx_word' id='word_1_46' title='bbox 2526 725 2601 786; x_wconf 88' lang='lat' dir='ltr'><strong>de</strong></span> 
     </span>
     <span class='ocr_line' id='line_1_7' title="bbox 344 808 2600 891; baseline -0.002 -17"><span class='ocrx_word' id='word_1_47' title='bbox 344 812 695 874; x_wconf 73' lang='lat' dir='ltr'><strong>Democrito</strong></span> <span class='ocrx_word' id='word_1_48' title='bbox 736 808 979 890; x_wconf 75' lang='lat' dir='ltr'><strong>loquar?</strong></span> <span class='ocrx_word' id='word_1_49' title='bbox 1022 828 1055 872; x_wconf 90' lang='lat' dir='ltr'><strong>a</strong></span> <span class='ocrx_word' id='word_1_50' title='bbox 1083 809 1303 891; x_wconf 86' lang='lat' dir='ltr'><strong>quibus</strong></span> <span class='ocrx_word' id='word_1_51' title='bbox 1333 818 1580 890; x_wconf 87' lang='lat' dir='ltr'><strong>propter</strong></span> <span class='ocrx_word' id='word_1_52' title='bbox 1609 808 1878 873; x_wconf 89' lang='lat' dir='ltr'><strong>discendi</strong></span> <span class='ocrx_word' id='word_1_53' title='bbox 1918 809 2301 889; x_wconf 80' lang='lat' dir='ltr'><strong>cupiditatem</strong></span> <span class='ocrx_word' id='word_1_54' title='bbox 2334 810 2600 872; x_wconf 87' lang='lat' dir='ltr'><strong>videmus</strong></span> 
     </span>
     <span class='ocr_line' id='line_1_8' title="bbox 341 891 2600 975; baseline -0.001 -17"><span class='ocrx_word' id='word_1_55' title='bbox 341 894 590 958; x_wconf 67' lang='lat' dir='ltr'><strong>ultimas</strong></span> <span class='ocrx_word' id='word_1_56' title='bbox 628 902 817 957; x_wconf 85' lang='lat' dir='ltr'><strong>terras</strong></span> <span class='ocrx_word' id='word_1_57' title='bbox 860 912 991 958; x_wconf 90' lang='lat' dir='ltr'><strong>esse</strong></span> <span class='ocrx_word' id='word_1_58' title='bbox 1033 891 1492 975; x_wconf 57' lang='lat' dir='ltr'><strong>peragratasffi),</strong></span> <span class='ocrx_word' id='word_1_59' title='bbox 1549 892 1713 965; x_wconf 88' lang='lat' dir='ltr'><strong>Quae</strong></span> <span class='ocrx_word' id='word_1_60' title='bbox 1742 894 1847 975; x_wconf 91' lang='lat' dir='ltr'><strong>qui</strong></span> <span class='ocrx_word' id='word_1_61' title='bbox 1876 912 1997 956; x_wconf 92' lang='lat' dir='ltr'><strong>non</strong></span> <span class='ocrx_word' id='word_1_62' title='bbox 2027 893 2246 965; x_wconf 85' lang='lat' dir='ltr'><strong>vident,</strong></span> <span class='ocrx_word' id='word_1_63' title='bbox 2290 894 2437 956; x_wconf 88' lang='lat' dir='ltr'><strong>nihil</strong></span> <span class='ocrx_word' id='word_1_64' title='bbox 2469 913 2600 955; x_wconf 84' lang='lat' dir='ltr'><strong>um-</strong></span> 
     </span>
     <span class='ocr_line' id='line_1_9' title="bbox 344 977 2600 1061; baseline -0.002 -18"><span class='ocrx_word' id='word_1_65' title='bbox 344 998 533 1061; x_wconf 85' lang='lat' dir='ltr'><strong>quam</strong></span> <span class='ocrx_word' id='word_1_66' title='bbox 564 996 778 1059; x_wconf 86' lang='lat' dir='ltr'><strong>magna</strong></span> <span class='ocrx_word' id='word_1_67' title='bbox 808 981 1145 1058; x_wconf 83' lang='lat' dir='ltr'><strong>cognitione</strong></span> <span class='ocrx_word' id='word_1_68' title='bbox 1175 978 1420 1058; x_wconf 78' lang='lat' dir='ltr'><strong>dignum</strong></span> <span class='ocrx_word' id='word_1_69' title='bbox 1449 986 1818 1044; x_wconf 86' lang='lat' dir='ltr'><strong>amaverunt.</strong></span> <span class='ocrx_word' id='word_1_70' title='bbox 1853 1013 1932 1024; x_wconf 91' lang='grc'><strong>--</strong></span> <span class='ocrx_word' id='word_1_71' title='bbox 1963 978 2081 1040; x_wconf 87' lang='lat' dir='ltr'><strong>Sed</strong></span> <span class='ocrx_word' id='word_1_72' title='bbox 2113 977 2255 1059; x_wconf 90' lang='lat' dir='ltr'><strong>quid</strong></span> <span class='ocrx_word' id='word_1_73' title='bbox 2286 981 2497 1041; x_wconf 83' lang='lat' dir='ltr'><strong>attinet</strong></span> <span class='ocrx_word' id='word_1_74' title='bbox 2526 979 2600 1039; x_wconf 88' lang='lat' dir='ltr'><strong>de</strong></span> 
     </span>
     <span class='ocr_line' id='line_1_10' title="bbox 341 1061 2598 1144; baseline -0.001 -17"><span class='ocrx_word' id='word_1_75' title='bbox 341 1063 536 1127; x_wconf 61' lang='lat' dir='ltr'><strong>,rebus</strong></span> <span class='ocrx_word' id='word_1_76' title='bbox 578 1072 701 1126; x_wconf 87' lang='lat' dir='ltr'><strong>tam</strong></span> <span class='ocrx_word' id='word_1_77' title='bbox 740 1066 964 1144; x_wconf 85' lang='lat' dir='ltr'><strong>apertis</strong></span> <span class='ocrx_word' id='word_1_78' title='bbox 1005 1063 1175 1142; x_wconf 89' lang='lat' dir='ltr'><strong>plura</strong></span> <span class='ocrx_word' id='word_1_79' title='bbox 1213 1065 1563 1142; x_wconf 78' lang='lat' dir='ltr'><strong>requirere?</strong></span> <span class='ocrx_word' id='word_1_80' title='bbox 1613 1064 1734 1144; x_wconf 86' lang='lat' dir='ltr'><strong>Ipsi</strong></span> <span class='ocrx_word' id='word_1_81' title='bbox 1765 1066 1925 1129; x_wconf 88' lang='lat' dir='ltr'><strong>enim</strong></span> <span class='ocrx_word' id='word_1_82' title='bbox 1955 1080 2310 1144; x_wconf 76' lang='lat' dir='ltr'><strong>quaeramus</strong></span> <span class='ocrx_word' id='word_1_83' title='bbox 2340 1082 2371 1124; x_wconf 94' lang='lat' dir='ltr'><strong>a</strong></span> <span class='ocrx_word' id='word_1_84' title='bbox 2404 1061 2598 1134; x_wconf 85' lang='lat' dir='ltr'><strong>nobis,</strong></span> 
     </span>
     <span class='ocr_line' id='line_1_11' title="bbox 342 1146 2602 1231; baseline -0.001 -19"><span class='ocrx_word' id='word_1_85' title='bbox 342 1168 531 1231; x_wconf 79' lang='lat' dir='ltr'><strong>quem</strong></span> <span class='ocrx_word' id='word_1_86' title='bbox 585 1148 660 1210; x_wconf 89' lang='lat' dir='ltr'><strong>ad</strong></span> <span class='ocrx_word' id='word_1_87' title='bbox 707 1149 951 1211; x_wconf 88' lang='lat' dir='ltr'><strong>modum</strong></span> <span class='ocrx_word' id='word_1_88' title='bbox 1003 1166 1113 1210; x_wconf 89' lang='lat' dir='ltr'><strong>nos</strong></span> <span class='ocrx_word' id='word_1_89' title='bbox 1163 1148 1409 1210; x_wconf 87' lang='lat' dir='ltr'><strong>historia</strong></span> <span class='ocrx_word' id='word_1_90' title='bbox 1464 1147 1745 1219; x_wconf 87' lang='lat' dir='ltr'><strong>delectet,</strong></span> <span class='ocrx_word' id='word_1_91' title='bbox 1794 1166 1972 1230; x_wconf 85' lang='lat' dir='ltr'><strong>quam</strong></span> <span class='ocrx_word' id='word_1_92' title='bbox 2013 1146 2270 1211; x_wconf 89' lang='lat' dir='ltr'><strong>solemus</strong></span> <span class='ocrx_word' id='word_1_93' title='bbox 2319 1150 2602 1228; x_wconf 88' lang='lat' dir='ltr'><strong>persequi</strong></span> 
     </span>
     <span class='ocr_line' id='line_1_12' title="bbox 345 1232 2599 1314; baseline -0.002 -18"><span class='ocrx_word' id='word_1_94' title='bbox 345 1250 544 1312; x_wconf 82' lang='lat' dir='ltr'><strong>usque</strong></span> <span class='ocrx_word' id='word_1_95' title='bbox 585 1233 658 1295; x_wconf 85' lang='lat' dir='ltr'><strong>ad</strong></span> <span class='ocrx_word' id='word_1_96' title='bbox 700 1239 1064 1305; x_wconf 88' lang='lat' dir='ltr'><strong>extremum,</strong></span> <span class='ocrx_word' id='word_1_97' title='bbox 1106 1234 1920 1313; x_wconf 86' lang='lat' dir='ltr'><strong>praetermissarepetimus,</strong></span> <span class='ocrx_word' id='word_1_98' title='bbox 1972 1232 2248 1294; x_wconf 88' lang='lat' dir='ltr'><strong>inchoata</strong></span> <span class='ocrx_word' id='word_1_99' title='bbox 2289 1234 2599 1314; x_wconf 88' lang='lat' dir='ltr'><strong>persequi-</strong></span> 
     </span>
     <span class='ocr_line' id='line_1_13' title="bbox 339 1315 2598 1398; baseline -0.002 -16"><span class='ocrx_word' id='word_1_100' title='bbox 339 1315 590 1398; x_wconf 77' lang='lat' dir='ltr'><strong>-mur²⁷).</strong></span> <span class='ocrx_word' id='word_1_101' title='bbox 624 1317 748 1379; x_wconf 86' lang='lat' dir='ltr'><strong>Nec</strong></span> <span class='ocrx_word' id='word_1_102' title='bbox 777 1336 920 1380; x_wconf 86' lang='lat' dir='ltr'><strong>vero</strong></span> <span class='ocrx_word' id='word_1_103' title='bbox 950 1335 1083 1379; x_wconf 90' lang='lat' dir='ltr'><strong>sum</strong></span> <span class='ocrx_word' id='word_1_104' title='bbox 1111 1319 1347 1381; x_wconf 89' lang='lat' dir='ltr'><strong>nescius</strong></span> <span class='ocrx_word' id='word_1_105' title='bbox 1377 1336 1509 1380; x_wconf 88' lang='lat' dir='ltr'><strong>esse</strong></span> <span class='ocrx_word' id='word_1_106' title='bbox 1539 1318 1848 1381; x_wconf 81' lang='lat' dir='ltr'><strong>utilitatem</strong></span> <span class='ocrx_word' id='word_1_107' title='bbox 1882 1319 1944 1378; x_wconf 91' lang='lat' dir='ltr'><strong>in</strong></span> <span class='ocrx_word' id='word_1_108' title='bbox 1966 1318 2234 1389; x_wconf 89' lang='lat' dir='ltr'><strong>historia,</strong></span> <span class='ocrx_word' id='word_1_109' title='bbox 2268 1335 2390 1378; x_wconf 88' lang='lat' dir='ltr'><strong>non</strong></span> <span class='ocrx_word' id='word_1_110' title='bbox 2420 1317 2598 1379; x_wconf 89' lang='lat' dir='ltr'><strong>modo</strong></span> 
     </span>
     <span class='ocr_line' id='line_1_14' title="bbox 343 1400 2599 1483; baseline -0.001 -20"><span class='ocrx_word' id='word_1_111' title='bbox 343 1400 732 1483; x_wconf 71' lang='lat' dir='ltr'><strong>voluptatem.</strong></span> <span class='ocrx_word' id='word_1_112' title='bbox 793 1401 979 1475; x_wconf 83' lang='lat' dir='ltr'><strong>Quid,</strong></span> <span class='ocrx_word' id='word_1_113' title='bbox 1022 1420 1158 1465; x_wconf 88' lang='lat' dir='ltr'><strong>cum</strong></span> <span class='ocrx_word' id='word_1_114' title='bbox 1205 1403 1372 1465; x_wconf 87' lang='lat' dir='ltr'><strong>fictas</strong></span> <span class='ocrx_word' id='word_1_115' title='bbox 1412 1401 1644 1465; x_wconf 80' lang='lat' dir='ltr'><strong>fabulas</strong></span> <span class='ocrx_word' id='word_1_116' title='bbox 1695 1422 1729 1464; x_wconf 92' lang='lat' dir='ltr'><strong>e</strong></span> <span class='ocrx_word' id='word_1_117' title='bbox 1758 1400 1978 1481; x_wconf 88' lang='lat' dir='ltr'><strong>quihus</strong></span> <span class='ocrx_word' id='word_1_118' title='bbox 2019 1401 2242 1467; x_wconf 84' lang='lat' dir='ltr'><strong>utilitas</strong></span> <span class='ocrx_word' id='word_1_119' title='bbox 2272 1400 2432 1464; x_wconf 86' lang='lat' dir='ltr'><strong>nulla</strong></span> <span class='ocrx_word' id='word_1_120' title='bbox 2464 1401 2599 1463; x_wconf 88' lang='lat' dir='ltr'><strong>elici</strong></span> 
     </span>
     <span class='ocr_line' id='line_1_15' title="bbox 344 1484 2595 1569; baseline -0.001 -19"><span class='ocrx_word' id='word_1_121' title='bbox 344 1494 575 1569; x_wconf 67' lang='lat' dir='ltr'><strong>potest,</strong></span> <span class='ocrx_word' id='word_1_122' title='bbox 628 1505 765 1565; x_wconf 81' lang='lat' dir='ltr'><strong>cum</strong></span> <span class='ocrx_word' id='word_1_123' title='bbox 819 1485 1112 1568; x_wconf 85' lang='lat' dir='ltr'><strong>voluptate</strong></span> <span class='ocrx_word' id='word_1_124' title='bbox 1162 1486 1413 1567; x_wconf 79' lang='lat' dir='ltr'><strong>legimus</strong></span> <span class='ocrx_word' id='word_1_125' title='bbox 1432 1484 1539 1566; x_wconf 68' lang='lat' dir='ltr'><strong>¹⁸)i</strong></span> <span class='ocrx_word' id='word_1_126' title='bbox 1609 1487 1792 1562; x_wconf 85' lang='lat' dir='ltr'><strong>Quid,</strong></span> <span class='ocrx_word' id='word_1_127' title='bbox 1849 1504 1984 1551; x_wconf 89' lang='lat' dir='ltr'><strong>cum</strong></span> <span class='ocrx_word' id='word_1_128' title='bbox 2034 1485 2305 1561; x_wconf 84' lang='lat' dir='ltr'><strong>velumus</strong></span> <span class='ocrx_word' id='word_1_129' title='bbox 2356 1488 2595 1549; x_wconf 87' lang='lat' dir='ltr'><strong>nomina</strong></span> 
     </span>
     <span class='ocr_line' id='line_1_16' title="bbox 336 1571 2596 1651; baseline -0.001 -17"><span class='ocrx_word' id='word_1_130' title='bbox 336 1589 559 1636; x_wconf 77' lang='lat' dir='ltr'><strong>eorum</strong></span> <span class='ocrx_word' id='word_1_131' title='bbox 591 1573 695 1651; x_wconf 90' lang='lat' dir='ltr'><strong>qui</strong></span> <span class='ocrx_word' id='word_1_132' title='bbox 724 1571 864 1651; x_wconf 89' lang='lat' dir='ltr'><strong>quid</strong></span> <span class='ocrx_word' id='word_1_133' title='bbox 895 1574 1191 1651; x_wconf 81' lang='lat' dir='ltr'><strong>gesserint</strong></span> <span class='ocrx_word' id='word_1_134' title='bbox 1219 1580 1358 1634; x_wconf 88' lang='lat' dir='ltr'><strong>nota</strong></span> <span class='ocrx_word' id='word_1_135' title='bbox 1392 1571 1567 1634; x_wconf 86' lang='lat' dir='ltr'><strong>nohis</strong></span> <span class='ocrx_word' id='word_1_136' title='bbox 1597 1590 1745 1643; x_wconf 86' lang='lat' dir='ltr'><strong>esse,</strong></span> <span class='ocrx_word' id='word_1_137' title='bbox 1778 1579 2075 1651; x_wconf 71' lang='lat' dir='ltr'><strong>parenteS,</strong></span> <span class='ocrx_word' id='word_1_138' title='bbox 2108 1574 2379 1651; x_wconf 87' lang='lat' dir='ltr'><strong>patriam,</strong></span> <span class='ocrx_word' id='word_1_139' title='bbox 2413 1571 2596 1632; x_wconf 88' lang='lat' dir='ltr'><strong>multa</strong></span> 
     </span>
     <span class='ocr_line' id='line_1_17' title="bbox 346 1655 2593 1737; baseline -0.001 -18"><span class='ocrx_word' id='word_1_140' title='bbox 346 1664 661 1737; x_wconf 76' lang='lat' dir='ltr'><strong>praeterea</strong></span> <span class='ocrx_word' id='word_1_141' title='bbox 691 1658 934 1718; x_wconf 88' lang='lat' dir='ltr'><strong>minime</strong></span> <span class='ocrx_word' id='word_1_142' title='bbox 963 1657 1333 1719; x_wconf 77' lang='lat' dir='ltr'><strong>necessaria?</strong></span> <span class='ocrx_word' id='word_1_143' title='bbox 1392 1656 1574 1729; x_wconf 77' lang='lat' dir='ltr'><strong>Quid,</strong></span> <span class='ocrx_word' id='word_1_144' title='bbox 1608 1655 1769 1737; x_wconf 89' lang='lat' dir='ltr'><strong>quod</strong></span> <span class='ocrx_word' id='word_1_145' title='bbox 1799 1657 2072 1717; x_wconf 89' lang='lat' dir='ltr'><strong>homines</strong></span> <span class='ocrx_word' id='word_1_146' title='bbox 2102 1655 2303 1727; x_wconf 85' lang='lat' dir='ltr'><strong>infima</strong></span> <span class='ocrx_word' id='word_1_147' title='bbox 2334 1656 2593 1725; x_wconf 83' lang='lat' dir='ltr'><strong>fortuna,</strong></span> 
     </span>
     <span class='ocr_line' id='line_1_18' title="bbox 348 1739 2596 1820; baseline -0.001 -18"><span class='ocrx_word' id='word_1_148' title='bbox 348 1740 509 1803; x_wconf 87' lang='lat' dir='ltr'><strong>nulla</strong></span> <span class='ocrx_word' id='word_1_149' title='bbox 561 1759 667 1820; x_wconf 88' lang='lat' dir='ltr'><strong>spe</strong></span> <span class='ocrx_word' id='word_1_150' title='bbox 706 1758 911 1802; x_wconf 90' lang='lat' dir='ltr'><strong>rerum</strong></span> <span class='ocrx_word' id='word_1_151' title='bbox 951 1739 1372 1819; x_wconf 83' lang='lat' dir='ltr'><strong>gerendarum,</strong></span> <span class='ocrx_word' id='word_1_152' title='bbox 1421 1741 1662 1819; x_wconf 86' lang='lat' dir='ltr'><strong>opifices</strong></span> <span class='ocrx_word' id='word_1_153' title='bbox 1702 1740 1956 1820; x_wconf 87' lang='lat' dir='ltr'><strong>denique</strong></span> <span class='ocrx_word' id='word_1_154' title='bbox 1997 1739 2368 1801; x_wconf 87' lang='lat' dir='ltr'><strong>delectantur</strong></span> <span class='ocrx_word' id='word_1_155' title='bbox 2412 1740 2596 1812; x_wconf 81' lang='lat' dir='ltr'><strong>histo-</strong></span> 
     </span>
     <span class='ocr_line' id='line_1_19' title="bbox 338 1822 2596 1908; baseline -0.002 -20"><span class='ocrx_word' id='word_1_156' title='bbox 338 1823 565 1908; x_wconf 30' lang='lat' dir='ltr'><strong>friafflfl</strong></span> <span class='ocrx_word' id='word_1_157' title='bbox 602 1826 973 1905; x_wconf 85' lang='lat' dir='ltr'><strong>Maximeque</strong></span> <span class='ocrx_word' id='word_1_158' title='bbox 1005 1842 1108 1886; x_wconf 89' lang='lat' dir='ltr'><strong>eos</strong></span> <span class='ocrx_word' id='word_1_159' title='bbox 1135 1825 1337 1887; x_wconf 86' lang='lat' dir='ltr'><strong>videre</strong></span> <span class='ocrx_word' id='word_1_160' title='bbox 1366 1842 1684 1905; x_wconf 88' lang='lat' dir='ltr'><strong>possumus</strong></span> <span class='ocrx_word' id='word_1_161' title='bbox 1713 1843 1813 1886; x_wconf 90' lang='lat' dir='ltr'><strong>res</strong></span> <span class='ocrx_word' id='word_1_162' title='bbox 1842 1832 2037 1903; x_wconf 86' lang='lat' dir='ltr'><strong>gestas</strong></span> <span class='ocrx_word' id='word_1_163' title='bbox 2067 1824 2272 1886; x_wconf 90' lang='lat' dir='ltr'><strong>audire</strong></span> <span class='ocrx_word' id='word_1_164' title='bbox 2304 1833 2364 1887; x_wconf 90' lang='lat' dir='ltr'><strong>et</strong></span> <span class='ocrx_word' id='word_1_165' title='bbox 2392 1822 2596 1901; x_wconf 85' lang='lat' dir='ltr'><strong>legere</strong></span> 
     </span>
     <span class='ocr_line' id='line_1_20' title="bbox 346 1905 2182 1990; baseline 0.001 -21"><span class='ocrx_word' id='word_1_166' title='bbox 346 1909 498 1971; x_wconf 74' lang='lat' dir='ltr'><strong>velle</strong></span> <span class='ocrx_word' id='word_1_167' title='bbox 527 1912 630 1990; x_wconf 91' lang='lat' dir='ltr'><strong>qui</strong></span> <span class='ocrx_word' id='word_1_168' title='bbox 659 1928 690 1970; x_wconf 94' lang='lat' dir='ltr'><strong>a</strong></span> <span class='ocrx_word' id='word_1_169' title='bbox 721 1927 828 1989; x_wconf 87' lang='lat' dir='ltr'><strong>spe</strong></span> <span class='ocrx_word' id='word_1_170' title='bbox 857 1909 1105 1988; x_wconf 87' lang='lat' dir='ltr'><strong>gerendi</strong></span> <span class='ocrx_word' id='word_1_171' title='bbox 1134 1909 1350 1974; x_wconf 88' lang='lat' dir='ltr'><strong>absunt</strong></span> <span class='ocrx_word' id='word_1_172' title='bbox 1378 1910 1636 1972; x_wconf 77' lang='lat' dir='ltr'><strong>confecti</strong></span> <span class='ocrx_word' id='word_1_173' title='bbox 1664 1917 1969 1971; x_wconf 85' lang='lat' dir='ltr'><strong>senectute</strong></span> <span class='ocrx_word' id='word_1_174' title='bbox 1981 1905 2077 1989; x_wconf 73' lang='grc' dir='ltr'><strong>2θ).</strong></span> <span class='ocrx_word' id='word_1_175' title='bbox 2179 1962 2182 1963; x_wconf 19' lang='lat'><em>⁷</em></span> 
     </span>
    </p>
   </div>
   <div class='ocr_carea' id='block_1_3' title="bbox 333 2110 1418 3542">
    <p class='ocr_par' dir='ltr' id='par_1_3' title="bbox 333 2110 1418 3542">
     <span class='ocr_line' id='line_1_21' title="bbox 338 2110 1418 2168; baseline -0.004 0"><span class='ocrx_word' id='word_1_176' title='bbox 338 2114 600 2168; x_wconf 70' lang='lat' dir='ltr'><strong>virorum</strong></span> <span class='ocrx_word' id='word_1_177' title='bbox 619 2116 710 2168; x_wconf 83' lang='lat' dir='ltr'><strong>est</strong></span> <span class='ocrx_word' id='word_1_178' title='bbox 764 2110 1055 2166; x_wconf 74' lang='lat' dir='ltr'><strong>utendum.</strong></span> <span class='ocrx_word' id='word_1_179' title='bbox 1068 2139 1135 2148; x_wconf 95' lang='lat'>—</span> <span class='ocrx_word' id='word_1_180' title='bbox 1156 2112 1418 2166; x_wconf 80' lang='lat' dir='ltr'><strong>maior—-</strong></span> 
     </span>
     <span class='ocr_line' id='line_1_22' title="bbox 338 2178 1413 2246; baseline 0.001 -12"><span class='ocrx_word' id='word_1_181' title='bbox 338 2179 685 2236; x_wconf 37' lang='lat' dir='ltr'><strong>‘serstarkter</strong></span> <span class='ocrx_word' id='word_1_182' title='bbox 753 2178 939 2236; x_wconf 84' lang='lat' dir='ltr'><strong>ositiv:</strong></span> <span class='ocrx_word' id='word_1_183' title='bbox 989 2178 1308 2246; x_wconf 85' lang='lat' dir='ltr'><strong>,‚wichtig“.</strong></span> <span class='ocrx_word' id='word_1_184' title='bbox 1347 2205 1413 2235; x_wconf 85' lang='lat'><strong>—.-</strong></span> 
     </span>
     <span class='ocr_line' id='line_1_23' title="bbox 349 2245 1414 2314; baseline 0.002 -15"><span class='ocrx_word' id='word_1_185' title='bbox 349 2247 436 2314; x_wconf 80' lang='lat'><strong>13)</strong></span> <span class='ocrx_word' id='word_1_186' title='bbox 478 2246 599 2302; x_wconf 74' lang='lat' dir='ltr'><strong>&#39;rod</strong></span> <span class='ocrx_word' id='word_1_187' title='bbox 644 2247 741 2303; x_wconf 86' lang='lat' dir='ltr'><strong>des</strong></span> <span class='ocrx_word' id='word_1_188' title='bbox 791 2245 1188 2303; x_wconf 76' lang='lat' dir='ltr'><strong>Archimedes:</strong></span> <span class='ocrx_word' id='word_1_189' title='bbox 1260 2246 1414 2302; x_wconf 81' lang='lat' dir='ltr'><strong>Plut.</strong></span> 
     </span>
     <span class='ocr_line' id='line_1_24' title="bbox 341 2312 1414 2381; baseline -0.005 -11"><span class='ocrx_word' id='word_1_190' title='bbox 341 2312 507 2370; x_wconf 82' lang='lat' dir='ltr'><strong>Marc.</strong></span> <span class='ocrx_word' id='word_1_191' title='bbox 537 2316 600 2366; x_wconf 80' lang='lat'><strong>17</strong></span> <span class='ocrx_word' id='word_1_192' title='bbox 623 2331 675 2370; x_wconf 93' lang='lat' dir='ltr'><strong>u.</strong></span> <span class='ocrx_word' id='word_1_193' title='bbox 700 2313 820 2371; x_wconf 82' lang='lat' dir='ltr'><strong>Liv.</strong></span> <span class='ocrx_word' id='word_1_194' title='bbox 846 2317 929 2376; x_wconf 82' lang='lat'><strong>35,</strong></span> <span class='ocrx_word' id='word_1_195' title='bbox 955 2318 1045 2377; x_wconf 87' lang='lat'><strong>31;</strong></span> <span class='ocrx_word' id='word_1_196' title='bbox 1074 2313 1185 2381; x_wconf 70' lang='lat' dir='ltr'><strong>vgl·</strong></span> <span class='ocrx_word' id='word_1_197' title='bbox 1208 2313 1414 2378; x_wconf 82' lang='lat' dir='ltr'><strong>St.165,</strong></span> 
     </span>
     <span class='ocr_line' id='line_1_25' title="bbox 344 2380 1415 2446; baseline 0.002 -12"><span class='ocrx_word' id='word_1_198' title='bbox 344 2386 395 2446; x_wconf 81' lang='lat'><strong>1,</strong></span> <span class='ocrx_word' id='word_1_199' title='bbox 422 2396 516 2437; x_wconf 92' lang='lat' dir='ltr'><strong>wo</strong></span> <span class='ocrx_word' id='word_1_200' title='bbox 542 2382 679 2437; x_wconf 87' lang='lat' dir='ltr'><strong>auch</strong></span> <span class='ocrx_word' id='word_1_201' title='bbox 705 2382 1056 2438; x_wconf 81' lang='lat' dir='ltr'><strong>describere:</strong></span> <span class='ocrx_word' id='word_1_202' title='bbox 1094 2380 1415 2444; x_wconf 88' lang='lat' dir='ltr'><strong>„hinzeich-</strong></span> 
     </span>
     <span class='ocr_line' id='line_1_26' title="bbox 344 2447 1415 2511; baseline 0 -7"><span class='ocrx_word' id='word_1_203' title='bbox 344 2466 481 2511; x_wconf 88' lang='lat' dir='ltr'><strong>nen,</strong></span> <span class='ocrx_word' id='word_1_204' title='bbox 519 2448 859 2505; x_wconf 87' lang='lat' dir='ltr'><strong>abmessen“.</strong></span> <span class='ocrx_word' id='word_1_205' title='bbox 908 2474 978 2488; x_wconf 85' lang='lat'><strong>--·</strong></span> <span class='ocrx_word' id='word_1_206' title='bbox 1021 2450 1246 2505; x_wconf 78' lang='lat' dir='ltr'><strong>dum—</strong></span> <span class='ocrx_word' id='word_1_207' title='bbox 1270 2447 1415 2505; x_wconf 88' lang='lat' dir='ltr'><strong>ohne</strong></span> 
     </span>
     <span class='ocr_line' id='line_1_27' title="bbox 343 2514 1413 2579; baseline -0.001 -7"><span class='ocrx_word' id='word_1_208' title='bbox 343 2515 580 2572; x_wconf 86' lang='lat' dir='ltr'><strong>Einfluss</strong></span> <span class='ocrx_word' id='word_1_209' title='bbox 594 2517 692 2572; x_wconf 86' lang='lat' dir='ltr'><strong>der</strong></span> <span class='ocrx_word' id='word_1_210' title='bbox 702 2515 1108 2579; x_wconf 71' lang='lat' dir='ltr'><strong>construction,</strong></span> <span class='ocrx_word' id='word_1_211' title='bbox 1121 2516 1222 2572; x_wconf 89' lang='lat' dir='ltr'><strong>mit</strong></span> <span class='ocrx_word' id='word_1_212' title='bbox 1232 2514 1284 2572; x_wconf 90' lang='lat' dir='ltr'><strong>d.</strong></span> <span class='ocrx_word' id='word_1_213' title='bbox 1299 2515 1413 2572; x_wconf 86' lang='lat' dir='ltr'><strong>lud.</strong></span> 
     </span>
     <span class='ocr_line' id='line_1_28' title="bbox 344 2583 1415 2654; baseline -0.002 -14"><span class='ocrx_word' id='word_1_214' title='bbox 344 2584 526 2640; x_wconf 72' lang='lat' dir='ltr'><strong>PracS.</strong></span> <span class='ocrx_word' id='word_1_215' title='bbox 555 2600 622 2639; x_wconf 87' lang='lat' dir='ltr'><strong>zu</strong></span> <span class='ocrx_word' id='word_1_216' title='bbox 647 2583 725 2640; x_wconf 90' lang='lat' dir='ltr'><strong>St.</strong></span> <span class='ocrx_word' id='word_1_217' title='bbox 753 2589 875 2649; x_wconf 83' lang='lat'><strong>142,</strong></span> <span class='ocrx_word' id='word_1_218' title='bbox 901 2588 950 2641; x_wconf 83' lang='lat'><strong>6.</strong></span> <span class='ocrx_word' id='word_1_219' title='bbox 974 2612 1042 2621; x_wconf 91' lang='lat'><strong>—-</strong></span> <span class='ocrx_word' id='word_1_220' title='bbox 1066 2599 1138 2641; x_wconf 86' lang='lat' dir='ltr'><strong>ne</strong></span> <span class='ocrx_word' id='word_1_221' title='bbox 1155 2587 1415 2654; x_wconf 78' lang='lat' dir='ltr'><strong>patriam</strong></span> 
     </span>
     <span class='ocr_line' id='line_1_29' title="bbox 338 2651 1417 2720; baseline -0.001 -12"><span class='ocrx_word' id='word_1_222' title='bbox 338 2652 570 2720; x_wconf 74' lang='lat' dir='ltr'><strong>quidem</strong></span> <span class='ocrx_word' id='word_1_223' title='bbox 601 2680 668 2689; x_wconf 93' lang='lat'>—</span> <span class='ocrx_word' id='word_1_224' title='bbox 704 2652 831 2709; x_wconf 90' lang='lat' dir='ltr'><strong>weil</strong></span> <span class='ocrx_word' id='word_1_225' title='bbox 865 2652 965 2709; x_wconf 91' lang='lat' dir='ltr'><strong>der</strong></span> <span class='ocrx_word' id='word_1_226' title='bbox 994 2653 1110 2709; x_wconf 84' lang='lat' dir='ltr'><strong>Tou</strong></span> <span class='ocrx_word' id='word_1_227' title='bbox 1134 2653 1293 2708; x_wconf 87' lang='lat' dir='ltr'><strong>mehr</strong></span> <span class='ocrx_word' id='word_1_228' title='bbox 1316 2651 1417 2708; x_wconf 78' lang='lat' dir='ltr'><strong>auf</strong></span> 
     </span>
     <span class='ocr_line' id='line_1_30' title="bbox 339 2718 1410 2788; baseline -0.004 -9"><span class='ocrx_word' id='word_1_229' title='bbox 339 2721 540 2788; x_wconf 76' lang='lat' dir='ltr'><strong>patria</strong></span> <span class='ocrx_word' id='word_1_230' title='bbox 574 2719 735 2787; x_wconf 81' lang='lat' dir='ltr'><strong>liegt,</strong></span> <span class='ocrx_word' id='word_1_231' title='bbox 777 2720 857 2777; x_wconf 86' lang='lat' dir='ltr'><strong>als</strong></span> <span class='ocrx_word' id='word_1_232' title='bbox 893 2718 991 2777; x_wconf 73' lang='lat' dir='ltr'><strong>aui</strong></span> <span class='ocrx_word' id='word_1_233' title='bbox 1023 2727 1223 2788; x_wconf 64' lang='lat' dir='ltr'><strong>capim</strong></span> <span class='ocrx_word' id='word_1_234' title='bbox 1265 2720 1410 2776; x_wconf 87' lang='lat' dir='ltr'><strong>denn</strong></span> 
     </span>
     <span class='ocr_line' id='line_1_31' title="bbox 344 2786 1411 2844; baseline -0.003 0"><span class='ocrx_word' id='word_1_235' title='bbox 344 2804 438 2844; x_wconf 90' lang='lat' dir='ltr'><strong>um</strong></span> <span class='ocrx_word' id='word_1_236' title='bbox 486 2787 580 2843; x_wconf 89' lang='lat' dir='ltr'><strong>das</strong></span> <span class='ocrx_word' id='word_1_237' title='bbox 631 2787 912 2843; x_wconf 86' lang='lat' dir='ltr'><strong>Schicksal</strong></span> <span class='ocrx_word' id='word_1_238' title='bbox 959 2786 1057 2843; x_wconf 91' lang='lat' dir='ltr'><strong>der</strong></span> <span class='ocrx_word' id='word_1_239' title='bbox 1101 2786 1411 2844; x_wconf 85' lang='lat' dir='ltr'><strong>Vaterstadt</strong></span> 
     </span>
     <span class='ocr_line' id='line_1_32' title="bbox 342 2853 1412 2912; baseline -0.003 0"><span class='ocrx_word' id='word_1_240' title='bbox 342 2856 499 2912; x_wconf 84' lang='lat' dir='ltr'><strong>hatte</strong></span> <span class='ocrx_word' id='word_1_241' title='bbox 541 2871 601 2910; x_wconf 90' lang='lat' dir='ltr'><strong>er</strong></span> <span class='ocrx_word' id='word_1_242' title='bbox 642 2855 760 2910; x_wconf 88' lang='lat' dir='ltr'><strong>sich</strong></span> <span class='ocrx_word' id='word_1_243' title='bbox 801 2853 946 2910; x_wconf 87' lang='lat' dir='ltr'><strong>doch</strong></span> <span class='ocrx_word' id='word_1_244' title='bbox 986 2870 1089 2909; x_wconf 80' lang='lat' dir='ltr'><strong>vor</strong></span> <span class='ocrx_word' id='word_1_245' title='bbox 1121 2853 1298 2909; x_wconf 85' lang='lat' dir='ltr'><strong>Allem</strong></span> <span class='ocrx_word' id='word_1_246' title='bbox 1342 2871 1412 2910; x_wconf 90' lang='lat' dir='ltr'><strong>zu</strong></span> 
     </span>
     <span class='ocr_line' id='line_1_33' title="bbox 343 2918 1411 2988; baseline 0.001 -11"><span class='ocrx_word' id='word_1_247' title='bbox 343 2922 648 2984; x_wconf 83' lang='lat' dir='ltr'><strong>kiimmern,</strong></span> <span class='ocrx_word' id='word_1_248' title='bbox 673 2921 844 2976; x_wconf 89' lang='lat' dir='ltr'><strong>meint</strong></span> <span class='ocrx_word' id='word_1_249' title='bbox 863 2919 971 2976; x_wconf 88' lang='lat' dir='ltr'><strong>Cic.</strong></span> <span class='ocrx_word' id='word_1_250' title='bbox 997 2949 1062 2961; x_wconf 88' lang='lat'>-</span> <span class='ocrx_word' id='word_1_251' title='bbox 1088 2918 1175 2988; x_wconf 85' lang='lat'><strong>14)</strong></span> <span class='ocrx_word' id='word_1_252' title='bbox 1189 2921 1411 2978; x_wconf 81' lang='lat' dir='ltr'><strong>Aristo·</strong></span> 
     </span>
     <span class='ocr_line' id='line_1_34' title="bbox 338 2986 1411 3051; baseline -0.001 -6"><span class='ocrx_word' id='word_1_253' title='bbox 338 3003 532 3045; x_wconf 73' lang='lat' dir='ltr'><strong>xenos</strong></span> <span class='ocrx_word' id='word_1_254' title='bbox 573 3014 641 3025; x_wconf 89' lang='lat'><strong>--</strong></span> <span class='ocrx_word' id='word_1_255' title='bbox 674 2986 907 3045; x_wconf 84' lang='lat' dir='ltr'><strong>Schiiler</strong></span> <span class='ocrx_word' id='word_1_256' title='bbox 941 2987 1037 3044; x_wconf 89' lang='lat' dir='ltr'><strong>des</strong></span> <span class='ocrx_word' id='word_1_257' title='bbox 1063 2987 1411 3051; x_wconf 86' lang='lat' dir='ltr'><strong>Aristoteles,</strong></span> 
     </span>
     <span class='ocr_line' id='line_1_35' title="bbox 343 3053 1411 3124; baseline -0.002 -10"><span class='ocrx_word' id='word_1_258' title='bbox 343 3056 702 3124; x_wconf 83' lang='lat' dir='ltr'><strong>Zeitgenosse</strong></span> <span class='ocrx_word' id='word_1_259' title='bbox 734 3055 887 3111; x_wconf 82' lang='lat' dir='ltr'><strong>Alex.</strong></span> <span class='ocrx_word' id='word_1_260' title='bbox 925 3053 976 3110; x_wconf 92' lang='lat' dir='ltr'><strong>d.</strong></span> <span class='ocrx_word' id='word_1_261' title='bbox 1003 3054 1121 3118; x_wconf 66' lang='lat' dir='ltr'><strong>Gr„</strong></span> <span class='ocrx_word' id='word_1_262' title='bbox 1155 3053 1271 3122; x_wconf 86' lang='lat' dir='ltr'><strong>galt</strong></span> <span class='ocrx_word' id='word_1_263' title='bbox 1296 3055 1333 3111; x_wconf 86' lang='lat' dir='ltr'><strong>f.</strong></span> <span class='ocrx_word' id='word_1_264' title='bbox 1358 3055 1411 3112; x_wconf 81' lang='lat' dir='ltr'><strong>d.</strong></span> 
     </span>
     <span class='ocr_line' id='line_1_36' title="bbox 334 3115 1412 3192; baseline -0.006 -11"><span class='ocrx_word' id='word_1_265' title='bbox 334 3127 603 3192; x_wconf 74' lang='lat' dir='ltr'><strong>grossten</strong></span> <span class='ocrx_word' id='word_1_266' title='bbox 626 3121 845 3178; x_wconf 87' lang='lat' dir='ltr'><strong>Kenner</strong></span> <span class='ocrx_word' id='word_1_267' title='bbox 868 3122 966 3178; x_wconf 88' lang='lat' dir='ltr'><strong>der</strong></span> <span class='ocrx_word' id='word_1_268' title='bbox 989 3122 1166 3178; x_wconf 85' lang='lat' dir='ltr'><strong>Musik</strong></span> <span class='ocrx_word' id='word_1_269' title='bbox 1191 3115 1242 3189; x_wconf 82' lang='grc' dir='ltr'><strong>(ὁ</strong></span> <span class='ocrx_word' id='word_1_270' title='bbox 1269 3140 1412 3190; x_wconf 81' lang='grc' dir='ltr'><strong><em>μου·</em></strong></span> 
     </span>
     <span class='ocr_line' id='line_1_37' title="bbox 343 3186 1411 3316; baseline -0.001 -1"><span class='ocrx_word' id='word_1_271' title='bbox 343 3186 1411 3316; x_wconf 50' lang='grc' dir='ltr'><strong>ἕῖἓῗῗὲὲέἒέῑίηὲηῗὲἲὲἓἓέἓξῖἆὴέἓὲ</strong></span> 
     </span>
     <span class='ocr_line' id='line_1_38' title="bbox 345 3300 1410 3393; baseline -0.001 -11"><span class='ocrx_word' id='word_1_272' title='bbox 345 3326 412 3382; x_wconf 86' lang='grc' dir='ltr'><strong>Α.</strong></span> <span class='ocrx_word' id='word_1_273' title='bbox 439 3318 749 3393; x_wconf 72' lang='grc' dir='ltr'><strong>(ἁρμονικοὶ</strong></span> <span class='ocrx_word' id='word_1_274' title='bbox 766 3300 1056 3393; x_wconf 68' lang='grc' dir='ltr'><strong><em>’στοιχεῖα)</em></strong></span> <span class='ocrx_word' id='word_1_275' title='bbox 1083 3324 1410 3382; x_wconf 79' lang='lat' dir='ltr'><strong>iiberliefert</strong></span> 
     </span>
     <span class='ocr_line' id='line_1_39' title="bbox 336 3392 1409 3450; baseline 0 -2"><span class='ocrx_word' id='word_1_276' title='bbox 336 3395 435 3449; x_wconf 84' lang='lat' dir='ltr'><strong>ist.</strong></span> <span class='ocrx_word' id='word_1_277' title='bbox 482 3393 815 3450; x_wconf 85' lang='lat' dir='ltr'><strong>Ausserdem</strong></span> <span class='ocrx_word' id='word_1_278' title='bbox 847 3393 1075 3450; x_wconf 86' lang='lat' dir='ltr'><strong>werden</strong></span> <span class='ocrx_word' id='word_1_279' title='bbox 1099 3392 1409 3449; x_wconf 85' lang='lat' dir='ltr'><strong>zahlreiche</strong></span> 
     </span>
     <span class='ocr_line' id='line_1_40' title="bbox 333 3460 1409 3542; baseline 0 -25"><span class='ocrx_word' id='word_1_280' title='bbox 333 3460 768 3542; x_wconf 61' lang='lat' dir='ltr'><strong>&#39;&#39;l&#39;iteigenannt</strong></span> <span class='ocrx_word' id='word_1_281' title='bbox 819 3460 998 3529; x_wconf 84' lang='lat' dir='ltr'><strong>[Tusc.</strong></span> <span class='ocrx_word' id='word_1_282' title='bbox 1026 3464 1072 3524; x_wconf 90' lang='lat'><strong>1,</strong></span> <span class='ocrx_word' id='word_1_283' title='bbox 1101 3464 1192 3516; x_wconf 89' lang='lat'><strong>10:</strong></span> <span class='ocrx_word' id='word_1_284' title='bbox 1229 3461 1409 3517; x_wconf 80' lang='lat' dir='ltr'><strong>Arist.</strong></span> 
     </span>
    </p>
   </div>
   <div class='ocr_carea' id='block_1_4' title="bbox 343 3528 1464 3610">
    <p class='ocr_par' dir='ltr' id='par_1_4' title="bbox 343 3528 1464 3610">
     <span class='ocr_line' id='line_1_41' title="bbox 343 3528 1464 3610; baseline -0.003 -26"><span class='ocrx_word' id='word_1_285' title='bbox 343 3544 598 3587; x_wconf 69' lang='lat' dir='ltr'><strong>musaeus</strong></span> <span class='ocrx_word' id='word_1_286' title='bbox 631 3529 887 3610; x_wconf 72' lang='lat' dir='ltr'><strong>idemque</strong></span> <span class='ocrx_word' id='word_1_287' title='bbox 917 3529 1292 3599; x_wconf 87' lang='lat' dir='ltr'><strong>philosophus</strong></span> <span class='ocrx_word' id='word_1_288' title='bbox 1325 3528 1410 3599; x_wconf 91' lang='lat' dir='ltr'><strong>ip·</strong></span> <span class='ocrx_word' id='word_1_289' title='bbox 1454 3549 1464 3557; x_wconf 92' lang='lat'><strong>·</strong></span> 
     </span>
    </p>
   </div>
   <div class='ocr_carea' id='block_1_5' title="bbox 337 3597 1413 4270">
    <p class='ocr_par' dir='ltr' id='par_1_5' title="bbox 337 3597 1413 4270">
     <span class='ocr_line' id='line_1_42' title="bbox 339 3597 1411 3667; baseline -0.002 -15"><span class='ocrx_word' id='word_1_290' title='bbox 339 3598 460 3652; x_wconf 87' lang='lat' dir='ltr'><strong>sius</strong></span> <span class='ocrx_word' id='word_1_291' title='bbox 509 3598 760 3667; x_wconf 89' lang='lat' dir='ltr'><strong>corporis</strong></span> <span class='ocrx_word' id='word_1_292' title='bbox 809 3597 1172 3660; x_wconf 79' lang='lat' dir='ltr'><strong>intentionem</strong></span> <span class='ocrx_word' id='word_1_293' title='bbox 1218 3611 1411 3666; x_wconf 87' lang='lat' dir='ltr'><strong>quam-</strong></span> 
     </span>
     <span class='ocr_line' id='line_1_43' title="bbox 349 3663 1411 3735; baseline 0.002 -17"><span class='ocrx_word' id='word_1_294' title='bbox 349 3663 489 3725; x_wconf 87' lang='lat' dir='ltr'><strong>dam,</strong></span> <span class='ocrx_word' id='word_1_295' title='bbox 515 3663 668 3720; x_wconf 87' lang='lat' dir='ltr'><strong>velut</strong></span> <span class='ocrx_word' id='word_1_296' title='bbox 691 3664 749 3735; x_wconf 79' lang='lat' dir='ltr'><strong>in</strong></span> <span class='ocrx_word' id='word_1_297' title='bbox 773 3672 939 3720; x_wconf 86' lang='lat' dir='ltr'><strong>cantu</strong></span> <span class='ocrx_word' id='word_1_298' title='bbox 965 3672 1020 3720; x_wconf 88' lang='lat' dir='ltr'><strong>et</strong></span> <span class='ocrx_word' id='word_1_299' title='bbox 1042 3663 1242 3720; x_wconf 87' lang='lat' dir='ltr'><strong>fidibus</strong></span> <span class='ocrx_word' id='word_1_300' title='bbox 1267 3680 1411 3734; x_wconf 88' lang='lat' dir='ltr'><strong>quae</strong></span> 
     </span>
     <span class='ocr_line' id='line_1_44' title="bbox 342 3729 1410 3800; baseline 0.001 -14"><span class='ocrx_word' id='word_1_301' title='bbox 342 3730 649 3786; x_wconf 72' lang='lat' dir='ltr'><strong>harmonia</strong></span> <span class='ocrx_word' id='word_1_302' title='bbox 671 3729 900 3793; x_wconf 85' lang='lat' dir='ltr'><strong>dicitur,</strong></span> <span class='ocrx_word' id='word_1_303' title='bbox 945 3732 1025 3786; x_wconf 92' lang='lat' dir='ltr'><strong>sic</strong></span> <span class='ocrx_word' id='word_1_304' title='bbox 1059 3747 1123 3786; x_wconf 89' lang='lat' dir='ltr'><strong>ex</strong></span> <span class='ocrx_word' id='word_1_305' title='bbox 1155 3731 1410 3800; x_wconf 83' lang='lat' dir='ltr'><strong>corporis</strong></span> 
     </span>
     <span class='ocr_line' id='line_1_45' title="bbox 344 3796 1413 3864; baseline 0.002 -12"><span class='ocrx_word' id='word_1_306' title='bbox 344 3796 521 3853; x_wconf 85' lang='lat' dir='ltr'><strong>totius</strong></span> <span class='ocrx_word' id='word_1_307' title='bbox 565 3804 761 3853; x_wconf 86' lang='lat' dir='ltr'><strong>natura</strong></span> <span class='ocrx_word' id='word_1_308' title='bbox 803 3804 858 3852; x_wconf 89' lang='lat' dir='ltr'><strong>et</strong></span> <span class='ocrx_word' id='word_1_309' title='bbox 890 3796 1066 3864; x_wconf 84' lang='lat' dir='ltr'><strong>figura</strong></span> <span class='ocrx_word' id='word_1_310' title='bbox 1100 3806 1289 3855; x_wconf 89' lang='lat' dir='ltr'><strong>censet</strong></span> <span class='ocrx_word' id='word_1_311' title='bbox 1322 3815 1413 3854; x_wconf 83' lang='lat' dir='ltr'><strong>va·</strong></span> 
     </span>
     <span class='ocr_line' id='line_1_46' title="bbox 346 3863 1410 3932; baseline 0.001 -12"><span class='ocrx_word' id='word_1_312' title='bbox 346 3865 462 3921; x_wconf 90' lang='lat' dir='ltr'><strong>rios</strong></span> <span class='ocrx_word' id='word_1_313' title='bbox 486 3870 671 3919; x_wconf 86' lang='lat' dir='ltr'><strong>motus</strong></span> <span class='ocrx_word' id='word_1_314' title='bbox 697 3863 831 3919; x_wconf 87' lang='lat' dir='ltr'><strong>cieri</strong></span> <span class='ocrx_word' id='word_1_315' title='bbox 855 3870 1136 3932; x_wconf 83' lang='lat' dir='ltr'><strong>tamquam</strong></span> <span class='ocrx_word' id='word_1_316' title='bbox 1163 3865 1222 3920; x_wconf 89' lang='lat' dir='ltr'><strong>in</strong></span> <span class='ocrx_word' id='word_1_317' title='bbox 1246 3873 1410 3921; x_wconf 91' lang='lat' dir='ltr'><strong>cantu</strong></span> 
     </span>
     <span class='ocr_line' id='line_1_47' title="bbox 337 3930 1413 4001; baseline 0 -13"><span class='ocrx_word' id='word_1_318' title='bbox 337 3947 532 3989; x_wconf 64' lang='lat' dir='ltr'><strong>sonos</strong></span> <span class='ocrx_word' id='word_1_319' title='bbox 570 3930 639 3987; x_wconf 83' lang='lat' dir='ltr'><strong>cf.</strong></span> <span class='ocrx_word' id='word_1_320' title='bbox 665 3946 711 3987; x_wconf 89' lang='lat' dir='ltr'><strong>c.</strong></span> <span class='ocrx_word' id='word_1_321' title='bbox 736 3934 838 3992; x_wconf 90' lang='lat'>18.]</span> <span class='ocrx_word' id='word_1_322' title='bbox 878 3959 948 3969; x_wconf 90' lang='grc'><strong>--</strong></span> <span class='ocrx_word' id='word_1_323' title='bbox 992 3935 1185 3999; x_wconf 80' lang='lat' dir='ltr'><strong>quant.</strong></span> <span class='ocrx_word' id='word_1_324' title='bbox 1207 3935 1319 4001; x_wconf 76' lang='lat' dir='ltr'><strong>inq.</strong></span> <span class='ocrx_word' id='word_1_325' title='bbox 1346 3945 1413 3973; x_wconf 84' lang='lat'><strong>—-·</strong></span> 
     </span>
     <span class='ocr_line' id='line_1_48' title="bbox 340 3996 1410 4068; baseline -0.005 -12"><span class='ocrx_word' id='word_1_326' title='bbox 340 4000 491 4064; x_wconf 86' lang='lat' dir='ltr'><strong>„wie</strong></span> <span class='ocrx_word' id='word_1_327' title='bbox 526 4014 722 4068; x_wconf 85' lang='lat' dir='ltr'><strong>grosse</strong></span> <span class='ocrx_word' id='word_1_328' title='bbox 748 3996 1163 4054; x_wconf 82' lang='lat' dir='ltr'><strong>Geisteskraft“.</strong></span> <span class='ocrx_word' id='word_1_329' title='bbox 1208 4028 1276 4037; x_wconf 92' lang='lat'><strong>—</strong></span> <span class='ocrx_word' id='word_1_330' title='bbox 1326 4001 1410 4065; x_wconf 81' lang='lat'><strong>15)</strong></span> 
     </span>
     <span class='ocr_line' id='line_1_49' title="bbox 342 4065 1410 4135; baseline 0 -13"><span class='ocrx_word' id='word_1_331' title='bbox 342 4066 764 4135; x_wconf 76' lang='lat' dir='ltr'><strong>Aristophanes</strong></span> <span class='ocrx_word' id='word_1_332' title='bbox 806 4094 873 4103; x_wconf 93' lang='lat'>—</span> <span class='ocrx_word' id='word_1_333' title='bbox 914 4081 1021 4122; x_wconf 88' lang='lat' dir='ltr'><strong>von</strong></span> <span class='ocrx_word' id='word_1_334' title='bbox 1046 4065 1281 4133; x_wconf 66' lang='lat' dir='ltr'><strong>unam,</strong></span> <span class='ocrx_word' id='word_1_335' title='bbox 1315 4083 1410 4124; x_wconf 90' lang='lat' dir='ltr'><strong>um</strong></span> 
     </span>
     <span class='ocr_line' id='line_1_50' title="bbox 342 4132 1413 4198; baseline 0.004 -11"><span class='ocrx_word' id='word_1_336' title='bbox 342 4139 447 4197; x_wconf 71' lang='lat'><strong>200</strong></span> <span class='ocrx_word' id='word_1_337' title='bbox 470 4152 519 4190; x_wconf 87' lang='lat' dir='ltr'><strong>v.</strong></span> <span class='ocrx_word' id='word_1_338' title='bbox 545 4134 659 4198; x_wconf 84' lang='lat' dir='ltr'><strong>Ch„</strong></span> <span class='ocrx_word' id='word_1_339' title='bbox 684 4133 1006 4190; x_wconf 77' lang='lat' dir='ltr'><strong>beriihmter</strong></span> <span class='ocrx_word' id='word_1_340' title='bbox 1017 4132 1413 4191; x_wconf 86' lang='lat' dir='ltr'><strong>Grammatiker</strong></span> 
     </span>
     <span class='ocr_line' id='line_1_51' title="bbox 345 4198 1409 4270; baseline 0.001 -13"><span class='ocrx_word' id='word_1_341' title='bbox 345 4200 664 4265; x_wconf 83' lang='lat' dir='ltr'><strong>u.Kritiker,</strong></span> <span class='ocrx_word' id='word_1_342' title='bbox 690 4200 806 4258; x_wconf 84' lang='lat' dir='ltr'><strong>beS.</strong></span> <span class='ocrx_word' id='word_1_343' title='bbox 832 4199 928 4266; x_wconf 83' lang='lat' dir='ltr'><strong>des</strong></span> <span class='ocrx_word' id='word_1_344' title='bbox 939 4198 1165 4264; x_wconf 87' lang='lat' dir='ltr'><strong>Homer;</strong></span> <span class='ocrx_word' id='word_1_345' title='bbox 1193 4201 1249 4259; x_wconf 87' lang='lat' dir='ltr'><strong>in</strong></span> <span class='ocrx_word' id='word_1_346' title='bbox 1269 4207 1409 4270; x_wconf 70' lang='lat' dir='ltr'><strong>spat.</strong></span> 
     </span>
    </p>
   </div>
   <div class='ocr_carea' id='block_1_6' title="bbox 1512 2107 2602 4270">
    <p class='ocr_par' dir='ltr' id='par_1_6' title="bbox 1512 2107 2602 4270">
     <span class='ocr_line' id='line_1_52' title="bbox 1517 2107 2591 2167; baseline 0 -2"><span class='ocrx_word' id='word_1_347' title='bbox 1517 2108 1720 2167; x_wconf 85' lang='lat' dir='ltr'><strong>Jahren</strong></span> <span class='ocrx_word' id='word_1_348' title='bbox 1745 2108 2048 2166; x_wconf 86' lang='lat' dir='ltr'><strong>Vorsteher</strong></span> <span class='ocrx_word' id='word_1_349' title='bbox 2073 2107 2494 2166; x_wconf 86' lang='lat' dir='ltr'><strong>derBibliothek</strong></span> <span class='ocrx_word' id='word_1_350' title='bbox 2519 2125 2591 2165; x_wconf 86' lang='lat' dir='ltr'><strong>zu</strong></span> 
     </span>
     <span class='ocr_line' id='line_1_53' title="bbox 1519 2177 2590 2244; baseline 0 -12"><span class='ocrx_word' id='word_1_351' title='bbox 1519 2177 1863 2234; x_wconf 83' lang='lat' dir='ltr'><strong>Alexandria.</strong></span> <span class='ocrx_word' id='word_1_352' title='bbox 1909 2206 1980 2216; x_wconf 85' lang='lat'><strong>--</strong></span> <span class='ocrx_word' id='word_1_353' title='bbox 2026 2178 2110 2242; x_wconf 87' lang='grc'><strong>16)</strong></span> <span class='ocrx_word' id='word_1_354' title='bbox 2145 2191 2472 2244; x_wconf 70' lang='lat' dir='ltr'><strong>perayrare</strong></span> <span class='ocrx_word' id='word_1_355' title='bbox 2521 2206 2590 2216; x_wconf 89' lang='lat'><strong>—-</strong></span> 
     </span>
     <span class='ocr_line' id='line_1_54' title="bbox 1520 2243 2594 2313; baseline 0.001 -13"><span class='ocrx_word' id='word_1_356' title='bbox 1520 2246 1641 2302; x_wconf 88' lang='lat' dir='ltr'><strong>hier</strong></span> <span class='ocrx_word' id='word_1_357' title='bbox 1666 2245 1818 2313; x_wconf 82' lang='lat' dir='ltr'><strong>eigtl.</strong></span> <span class='ocrx_word' id='word_1_358' title='bbox 1853 2246 2027 2311; x_wconf 89' lang='lat' dir='ltr'><strong>(nicht</strong></span> <span class='ocrx_word' id='word_1_359' title='bbox 2059 2245 2171 2301; x_wconf 86' lang='lat' dir='ltr'><strong>wie</strong></span> <span class='ocrx_word' id='word_1_360' title='bbox 2191 2243 2271 2301; x_wconf 85' lang='lat' dir='ltr'><strong>St.</strong></span> <span class='ocrx_word' id='word_1_361' title='bbox 2298 2248 2388 2307; x_wconf 83' lang='lat'><strong>56,</strong></span> <span class='ocrx_word' id='word_1_362' title='bbox 2423 2245 2476 2309; x_wconf 84' lang='lat'><strong>4)</strong></span> <span class='ocrx_word' id='word_1_363' title='bbox 2520 2262 2594 2301; x_wconf 88' lang='lat' dir='ltr'><strong>zu</strong></span> 
     </span>
     <span class='ocr_line' id='line_1_55' title="bbox 1520 2311 2590 2370; baseline 0.001 -4"><span class='ocrx_word' id='word_1_364' title='bbox 1520 2314 1813 2370; x_wconf 87' lang='lat' dir='ltr'><strong>verstehen</strong></span> <span class='ocrx_word' id='word_1_365' title='bbox 1855 2329 1964 2368; x_wconf 90' lang='lat' dir='ltr'><strong>von</strong></span> <span class='ocrx_word' id='word_1_366' title='bbox 2006 2313 2165 2369; x_wconf 86' lang='lat' dir='ltr'><strong>ihren</strong></span> <span class='ocrx_word' id='word_1_367' title='bbox 2207 2311 2404 2367; x_wconf 88' lang='lat' dir='ltr'><strong>Reisen</strong></span> <span class='ocrx_word' id='word_1_368' title='bbox 2447 2312 2590 2367; x_wconf 87' lang='lat' dir='ltr'><strong>nach</strong></span> 
     </span>
     <span class='ocr_line' id='line_1_56' title="bbox 1521 2377 2588 2448; baseline 0 -12"><span class='ocrx_word' id='word_1_369' title='bbox 1521 2379 2106 2448; x_wconf 81' lang='lat' dir='ltr'><strong>Grossgriechenland,</strong></span> <span class='ocrx_word' id='word_1_370' title='bbox 2165 2377 2389 2434; x_wconf 87' lang='lat' dir='ltr'><strong>Sicilien</strong></span> <span class='ocrx_word' id='word_1_371' title='bbox 2446 2396 2588 2436; x_wconf 87' lang='lat' dir='ltr'><strong>usw.</strong></span> 
     </span>
     <span class='ocr_line' id='line_1_57' title="bbox 1517 2445 2592 2504; baseline 0 -1"><span class='ocrx_word' id='word_1_372' title='bbox 1517 2448 1733 2504; x_wconf 86' lang='lat' dir='ltr'><strong>Danach</strong></span> <span class='ocrx_word' id='word_1_373' title='bbox 1765 2448 1840 2504; x_wconf 87' lang='lat' dir='ltr'><strong>ist</strong></span> <span class='ocrx_word' id='word_1_374' title='bbox 1863 2447 1958 2503; x_wconf 89' lang='lat' dir='ltr'><strong>das</strong></span> <span class='ocrx_word' id='word_1_375' title='bbox 1985 2446 2331 2504; x_wconf 88' lang='lat' dir='ltr'><strong>rhetorische</strong></span> <span class='ocrx_word' id='word_1_376' title='bbox 2358 2445 2592 2503; x_wconf 79' lang='lat' dir='ltr'><strong>ultimas</strong></span> 
     </span>
     <span class='ocr_line' id='line_1_58' title="bbox 1518 2514 2592 2582; baseline -0.004 -11"><span class='ocrx_word' id='word_1_377' title='bbox 1518 2514 2004 2573; x_wconf 69' lang='lat' dir='ltr'><strong>einzuschranken.</strong></span> <span class='ocrx_word' id='word_1_378' title='bbox 2049 2543 2119 2554; x_wconf 90' lang='lat'>—</span> <span class='ocrx_word' id='word_1_379' title='bbox 2173 2515 2256 2579; x_wconf 84' lang='lat'><strong>17)</strong></span> <span class='ocrx_word' id='word_1_380' title='bbox 2305 2531 2474 2582; x_wconf 79' lang='lat' dir='ltr'><strong>quam</strong></span> <span class='ocrx_word' id='word_1_381' title='bbox 2519 2544 2592 2555; x_wconf 63' lang='grc'><strong>»-</strong></span> 
     </span>
     <span class='ocr_line' id='line_1_59' title="bbox 1554 2581 2592 2651; baseline 0 -13"><span class='ocrx_word' id='word_1_382' title='bbox 1554 2585 1931 2640; x_wconf 80' lang='lat' dir='ltr'><strong>raetcrmissa</strong></span> <span class='ocrx_word' id='word_1_383' title='bbox 1964 2596 2086 2651; x_wconf 74' lang='lat' dir='ltr'><strong>rep.</strong></span> <span class='ocrx_word' id='word_1_384' title='bbox 2108 2587 2233 2640; x_wconf 77' lang='lat' dir='ltr'><strong>cett.</strong></span> <span class='ocrx_word' id='word_1_385' title='bbox 2274 2611 2344 2620; x_wconf 90' lang='lat'><strong>—-</strong></span> <span class='ocrx_word' id='word_1_386' title='bbox 2386 2581 2592 2639; x_wconf 82' lang='lat' dir='ltr'><strong>freiere</strong></span> 
     </span>
     <span class='ocr_line' id='line_1_60' title="bbox 1512 2603 2591 2718; baseline -0.003 -10"><span class='ocrx_word' id='word_1_387' title='bbox 1512 2603 2095 2718; x_wconf 60' lang='lat' dir='ltr'><strong>flelauvverhindung:</strong></span> <span class='ocrx_word' id='word_1_388' title='bbox 2181 2649 2408 2715; x_wconf 87' lang='lat' dir='ltr'><strong>„indem</strong></span> <span class='ocrx_word' id='word_1_389' title='bbox 2480 2651 2591 2706; x_wconf 84' lang='lat' dir='ltr'><strong>wir</strong></span> 
     </span>
     <span class='ocr_line' id='line_1_61' title="bbox 1514 2718 2586 2776; baseline -0.004 0"><span class='ocrx_word' id='word_1_390' title='bbox 1514 2718 1725 2776; x_wconf 87' lang='lat' dir='ltr'><strong>dabei“.</strong></span> <span class='ocrx_word' id='word_1_391' title='bbox 1776 2748 1839 2757; x_wconf 91' lang='lat'>—</span> <span class='ocrx_word' id='word_1_392' title='bbox 1887 2719 2007 2774; x_wconf 86' lang='lat' dir='ltr'><strong>Nec</strong></span> <span class='ocrx_word' id='word_1_393' title='bbox 2033 2730 2166 2774; x_wconf 86' lang='lat' dir='ltr'><strong>vero</strong></span> <span class='ocrx_word' id='word_1_394' title='bbox 2210 2746 2275 2755; x_wconf 89' lang='lat'><em>-</em></span> <span class='ocrx_word' id='word_1_395' title='bbox 2319 2733 2471 2774; x_wconf 80' lang='lat' dir='ltr'><strong>nese.</strong></span> <span class='ocrx_word' id='word_1_396' title='bbox 2517 2746 2586 2755; x_wconf 89' lang='lat'><strong>-—-</strong></span> 
     </span>
     <span class='ocr_line' id='line_1_62' title="bbox 1514 2785 2584 2854; baseline -0.001 -13"><span class='ocrx_word' id='word_1_397' title='bbox 1514 2831 1527 2850; x_wconf 94' lang='lat'><strong>,</strong></span> <span class='ocrx_word' id='word_1_398' title='bbox 1552 2786 1862 2854; x_wconf 87' lang='lat' dir='ltr'><strong>Allerdings</strong></span> <span class='ocrx_word' id='word_1_399' title='bbox 1911 2787 2077 2841; x_wconf 86' lang='lat' dir='ltr'><strong>weiss</strong></span> <span class='ocrx_word' id='word_1_400' title='bbox 2127 2786 2218 2840; x_wconf 87' lang='lat' dir='ltr'><strong>ich</strong></span> <span class='ocrx_word' id='word_1_401' title='bbox 2266 2785 2421 2840; x_wconf 86' lang='lat' dir='ltr'><strong>wohl</strong></span> <span class='ocrx_word' id='word_1_402' title='bbox 2435 2788 2467 2809; x_wconf 78' lang='lat'><strong>‘⁴</strong></span> <span class='ocrx_word' id='word_1_403' title='bbox 2517 2815 2584 2823; x_wconf 87' lang='lat'><strong>--</strong></span> 
     </span>
     <span class='ocr_line' id='line_1_63' title="bbox 1515 2830 2584 2919; baseline 0 -10"><span class='ocrx_word' id='word_1_404' title='bbox 1515 2830 1661 2909; x_wconf 75' lang='lat' dir='ltr'><strong>deun</strong></span> <span class='ocrx_word' id='word_1_405' title='bbox 1686 2852 1891 2908; x_wconf 87' lang='lat' dir='ltr'><strong>diesem</strong></span> <span class='ocrx_word' id='word_1_406' title='bbox 1901 2850 2158 2908; x_wconf 83' lang='lat' dir='ltr'><strong>Einwurs</strong></span> <span class='ocrx_word' id='word_1_407' title='bbox 2177 2851 2359 2908; x_wconf 89' lang='lat' dir='ltr'><strong>sollen</strong></span> <span class='ocrx_word' id='word_1_408' title='bbox 2378 2854 2584 2919; x_wconf 80' lang='lat' dir='ltr'><strong>gerade</strong></span> 
     </span>
     <span class='ocr_line' id='line_1_64' title="bbox 1518 2916 2584 2999; baseline -0.001 -23"><span class='ocrx_word' id='word_1_409' title='bbox 1518 2920 1606 2976; x_wconf 89' lang='lat' dir='ltr'><strong>die</strong></span> <span class='ocrx_word' id='word_1_410' title='bbox 1642 2919 1776 2988; x_wconf 80' lang='lat' dir='ltr'><strong>folg.</strong></span> <span class='ocrx_word' id='word_1_411' title='bbox 1815 2919 2200 2999; x_wconf 75' lang='lat' dir='ltr'><strong>rhetorischen</strong></span> <span class='ocrx_word' id='word_1_412' title='bbox 2232 2918 2445 2987; x_wconf 80' lang='lat' dir='ltr'><strong>Fragen</strong></span> <span class='ocrx_word' id='word_1_413' title='bbox 2487 2916 2584 2976; x_wconf 88' lang='lat' dir='ltr'><strong>be·</strong></span> 
     </span>
     <span class='ocr_line' id='line_1_65' title="bbox 1516 2984 2585 3134; baseline 0.001 -24"><span class='ocrx_word' id='word_1_414' title='bbox 1516 3003 1758 3134; x_wconf 48' lang='lat' dir='ltr'><strong>ffiffiegi</strong></span> <span class='ocrx_word' id='word_1_415' title='bbox 1781 2984 1999 3134; x_wconf 45' lang='lat' dir='ltr'>AEfaffg)</span> <span class='ocrx_word' id='word_1_416' title='bbox 2063 2986 2306 3109; x_wconf 53' lang='lat' dir='ltr'><strong>etizgatze</strong></span> <span class='ocrx_word' id='word_1_417' title='bbox 2337 2984 2585 3134; x_wconf 40' lang='grc' dir='ltr'><strong>ξιῖᾞέἱὶἑῗῑ</strong></span> 
     </span>
     <span class='ocr_line' id='line_1_66' title="bbox 1514 3120 2588 3190; baseline 0.002 -13"><span class='ocrx_word' id='word_1_418' title='bbox 1514 3121 1662 3184; x_wconf 90' lang='lat' dir='ltr'><strong>holt,</strong></span> <span class='ocrx_word' id='word_1_419' title='bbox 1691 3121 1888 3178; x_wconf 87' lang='lat' dir='ltr'><strong>emmal</strong></span> <span class='ocrx_word' id='word_1_420' title='bbox 1913 3137 1971 3177; x_wconf 79' lang='lat' dir='ltr'><strong>in</strong></span> <span class='ocrx_word' id='word_1_421' title='bbox 1995 3121 2048 3178; x_wconf 91' lang='lat' dir='ltr'><strong>d.</strong></span> <span class='ocrx_word' id='word_1_422' title='bbox 2070 3121 2233 3177; x_wconf 86' lang='lat' dir='ltr'><strong>Form</strong></span> <span class='ocrx_word' id='word_1_423' title='bbox 2261 3120 2412 3188; x_wconf 82' lang='lat' dir='ltr'><strong>de</strong></span> <span class='ocrx_word' id='word_1_424' title='bbox 2432 3124 2588 3190; x_wconf 75' lang='lat' dir='ltr'><strong>quod</strong></span> 
     </span>
     <span class='ocr_line' id='line_1_67' title="bbox 1513 3188 2583 3259; baseline 0.002 -14"><span class='ocrx_word' id='word_1_425' title='bbox 1513 3218 1581 3235; x_wconf 91' lang='lat'><strong>—·-</strong></span> <span class='ocrx_word' id='word_1_426' title='bbox 1608 3206 1676 3245; x_wconf 88' lang='lat' dir='ltr'><strong>zu</strong></span> <span class='ocrx_word' id='word_1_427' title='bbox 1701 3188 1778 3246; x_wconf 89' lang='lat' dir='ltr'><strong>St.</strong></span> <span class='ocrx_word' id='word_1_428' title='bbox 1806 3193 1886 3252; x_wconf 79' lang='lat'><strong>12,</strong></span> <span class='ocrx_word' id='word_1_429' title='bbox 1913 3193 1960 3244; x_wconf 86' lang='lat'><strong>5.</strong></span> <span class='ocrx_word' id='word_1_430' title='bbox 1997 3217 2063 3227; x_wconf 91' lang='lat'><em>-</em></span> <span class='ocrx_word' id='word_1_431' title='bbox 2096 3189 2305 3246; x_wconf 82' lang='lat' dir='ltr'><strong>elicere</strong></span> <span class='ocrx_word' id='word_1_432' title='bbox 2340 3214 2410 3227; x_wconf 78' lang='lat'><strong>-—</strong></span> <span class='ocrx_word' id='word_1_433' title='bbox 2442 3205 2583 3259; x_wconf 80' lang='lat' dir='ltr'><strong>„ge-</strong></span> 
     </span>
     <span class='ocr_line' id='line_1_68' title="bbox 1514 3255 2583 3324; baseline 0 -11"><span class='ocrx_word' id='word_1_434' title='bbox 1514 3257 1755 3320; x_wconf 87' lang='lat' dir='ltr'><strong>winnen,</strong></span> <span class='ocrx_word' id='word_1_435' title='bbox 1783 3257 2164 3319; x_wconf 87' lang='lat' dir='ltr'><strong>entnehmen“,</strong></span> <span class='ocrx_word' id='word_1_436' title='bbox 2192 3275 2262 3313; x_wconf 91' lang='lat' dir='ltr'><strong>zu</strong></span> <span class='ocrx_word' id='word_1_437' title='bbox 2285 3255 2365 3313; x_wconf 89' lang='lat' dir='ltr'><strong>St.</strong></span> <span class='ocrx_word' id='word_1_438' title='bbox 2394 3262 2507 3324; x_wconf 82' lang='lat'><strong>191,</strong></span> <span class='ocrx_word' id='word_1_439' title='bbox 2534 3263 2583 3314; x_wconf 76' lang='lat'><strong>7.</strong></span> 
     </span>
     <span class='ocr_line' id='line_1_69' title="bbox 1513 3323 2588 3394; baseline 0.007 -19"><span class='ocrx_word' id='word_1_440' title='bbox 1513 3353 1582 3363; x_wconf 88' lang='lat'>-</span> <span class='ocrx_word' id='word_1_441' title='bbox 1624 3323 1709 3394; x_wconf 87' lang='lat'><strong>19)</strong></span> <span class='ocrx_word' id='word_1_442' title='bbox 1736 3326 1897 3382; x_wconf 83' lang='lat' dir='ltr'><strong>nulla</strong></span> <span class='ocrx_word' id='word_1_443' title='bbox 1927 3341 2028 3393; x_wconf 85' lang='lat' dir='ltr'><strong>spe</strong></span> <span class='ocrx_word' id='word_1_444' title='bbox 2052 3342 2097 3381; x_wconf 90' lang='lat' dir='ltr'><strong>c.</strong></span> <span class='ocrx_word' id='word_1_445' title='bbox 2125 3325 2256 3383; x_wconf 86' lang='lat' dir='ltr'><strong>Gen.</strong></span> <span class='ocrx_word' id='word_1_446' title='bbox 2289 3354 2359 3366; x_wconf 83' lang='lat'><strong>—-</strong></span> <span class='ocrx_word' id='word_1_447' title='bbox 2393 3329 2588 3390; x_wconf 87' lang='lat' dir='ltr'><strong>„ohne</strong></span> 
     </span>
     <span class='ocr_line' id='line_1_70' title="bbox 1512 3392 2589 3463; baseline 0 -15"><span class='ocrx_word' id='word_1_448' title='bbox 1512 3393 1773 3450; x_wconf 86' lang='lat' dir='ltr'><strong>Aussicht</strong></span> <span class='ocrx_word' id='word_1_449' title='bbox 1781 3392 1937 3459; x_wconf 84' lang='lat' dir='ltr'><strong>auf“;</strong></span> <span class='ocrx_word' id='word_1_450' title='bbox 1959 3394 2163 3463; x_wconf 78' lang='lat' dir='ltr'><strong>opifex</strong></span> <span class='ocrx_word' id='word_1_451' title='bbox 2171 3421 2238 3432; x_wconf 91' lang='lat'><strong>·-—</strong></span> <span class='ocrx_word' id='word_1_452' title='bbox 2249 3394 2589 3457; x_wconf 85' lang='lat' dir='ltr'><strong>„Handwer-</strong></span> 
     </span>
     <span class='ocr_line' id='line_1_71' title="bbox 1513 3460 2586 3540; baseline -0.002 -24"><span class='ocrx_word' id='word_1_453' title='bbox 1513 3461 1663 3524; x_wconf 86' lang='lat' dir='ltr'><strong>ker“‚</strong></span> <span class='ocrx_word' id='word_1_454' title='bbox 1692 3460 1771 3517; x_wconf 88' lang='lat' dir='ltr'><strong>St.</strong></span> <span class='ocrx_word' id='word_1_455' title='bbox 1802 3465 1914 3523; x_wconf 82' lang='lat'><strong>191,</strong></span> <span class='ocrx_word' id='word_1_456' title='bbox 1940 3467 1999 3516; x_wconf 88' lang='lat'><strong>3:</strong></span> <span class='ocrx_word' id='word_1_457' title='bbox 2039 3460 2297 3540; x_wconf 70' lang='lat' dir='ltr'><strong>adhibitis</strong></span> <span class='ocrx_word' id='word_1_458' title='bbox 2324 3463 2586 3527; x_wconf 81' lang='lat' dir='ltr'><strong>opificum</strong></span> 
     </span>
     <span class='ocr_line' id='line_1_72' title="bbox 1515 3527 2583 3594; baseline -0.002 -10"><span class='ocrx_word' id='word_1_459' title='bbox 1515 3529 1791 3593; x_wconf 87' lang='lat' dir='ltr'><strong>manibus;</strong></span> <span class='ocrx_word' id='word_1_460' title='bbox 1839 3527 1928 3584; x_wconf 80' lang='lat' dir='ltr'><strong>off.</strong></span> <span class='ocrx_word' id='word_1_461' title='bbox 1967 3533 2022 3592; x_wconf 88' lang='lat'><strong>1,</strong></span> <span class='ocrx_word' id='word_1_462' title='bbox 2056 3532 2152 3580; x_wconf 80' lang='lat'><strong>42:</strong></span> <span class='ocrx_word' id='word_1_463' title='bbox 2201 3528 2431 3594; x_wconf 77' lang='lat' dir='ltr'><strong>opzfices</strong></span> <span class='ocrx_word' id='word_1_464' title='bbox 2468 3544 2583 3583; x_wconf 88' lang='lat' dir='ltr'><strong>om-</strong></span> 
     </span>
     <span class='ocr_line' id='line_1_73' title="bbox 1516 3594 2587 3653; baseline -0.005 -1"><span class='ocrx_word' id='word_1_465' title='bbox 1516 3603 1614 3652; x_wconf 86' lang='lat' dir='ltr'><strong>nes</strong></span> <span class='ocrx_word' id='word_1_466' title='bbox 1649 3597 1706 3651; x_wconf 90' lang='lat' dir='ltr'><strong>in</strong></span> <span class='ocrx_word' id='word_1_467' title='bbox 1740 3594 1965 3653; x_wconf 90' lang='lat' dir='ltr'><strong>sordida</strong></span> <span class='ocrx_word' id='word_1_468' title='bbox 2006 3602 2124 3650; x_wconf 87' lang='lat' dir='ltr'><strong>arte</strong></span> <span class='ocrx_word' id='word_1_469' title='bbox 2158 3601 2466 3650; x_wconf 89' lang='lat' dir='ltr'><strong>versantur.</strong></span> <span class='ocrx_word' id='word_1_470' title='bbox 2518 3624 2587 3633; x_wconf 92' lang='lat'><strong>—-</strong></span> 
     </span>
     <span class='ocr_line' id='line_1_74' title="bbox 1514 3660 2602 3727; baseline -0.002 -8"><span class='ocrx_word' id='word_1_471' title='bbox 1514 3663 1635 3720; x_wconf 89' lang='lat' dir='ltr'><strong>Man</strong></span> <span class='ocrx_word' id='word_1_472' title='bbox 1669 3662 1823 3718; x_wconf 89' lang='lat' dir='ltr'><strong>sieht.</strong></span> <span class='ocrx_word' id='word_1_473' title='bbox 1847 3678 1943 3717; x_wconf 90' lang='lat' dir='ltr'><strong>aus</strong></span> <span class='ocrx_word' id='word_1_474' title='bbox 1980 3660 2131 3717; x_wconf 89' lang='lat' dir='ltr'><strong>Cic.’s</strong></span> <span class='ocrx_word' id='word_1_475' title='bbox 2155 3660 2420 3727; x_wconf 85' lang='lat' dir='ltr'><strong>Worten,</strong></span> <span class='ocrx_word' id='word_1_476' title='bbox 2457 3661 2602 3726; x_wconf 54' lang='lat' dir='ltr'><strong>dass,</strong></span> 
     </span>
     <span class='ocr_line' id='line_1_75' title="bbox 1517 3727 2585 3797; baseline -0.001 -11"><span class='ocrx_word' id='word_1_477' title='bbox 1517 3731 1692 3786; x_wconf 82' lang='lat' dir='ltr'><strong>sehon</strong></span> <span class='ocrx_word' id='word_1_478' title='bbox 1739 3730 1797 3784; x_wconf 90' lang='lat' dir='ltr'><strong>in</strong></span> <span class='ocrx_word' id='word_1_479' title='bbox 1843 3728 1983 3784; x_wconf 89' lang='lat' dir='ltr'><strong>Rom</strong></span> <span class='ocrx_word' id='word_1_480' title='bbox 2031 3727 2121 3784; x_wconf 91' lang='lat' dir='ltr'><strong>die</strong></span> <span class='ocrx_word' id='word_1_481' title='bbox 2166 3727 2585 3797; x_wconf 84' lang='lat' dir='ltr'><strong>Bestrebungen</strong></span> 
     </span>
     <span class='ocr_line' id='line_1_76' title="bbox 1516 3790 2584 3863; baseline 0 -11"><span class='ocrx_word' id='word_1_482' title='bbox 1516 3813 1749 3852; x_wconf 89' lang='lat' dir='ltr'><strong>unserer</strong></span> <span class='ocrx_word' id='word_1_483' title='bbox 1790 3790 2322 3863; x_wconf 85' lang='lat' dir='ltr'><strong>„Bildungsvereine</strong></span> <span class='ocrx_word' id='word_1_484' title='bbox 2355 3796 2448 3852; x_wconf 70' lang='lat' dir='ltr'><strong>fiir</strong></span> <span class='ocrx_word' id='word_1_485' title='bbox 2482 3798 2584 3852; x_wconf 86' lang='lat' dir='ltr'><strong>Ar-</strong></span> 
     </span>
     <span class='ocr_line' id='line_1_77' title="bbox 1516 3862 2586 3927; baseline -0.001 -7"><span class='ocrx_word' id='word_1_486' title='bbox 1516 3863 1727 3920; x_wconf 88' lang='lat' dir='ltr'><strong>beiter“</strong></span> <span class='ocrx_word' id='word_1_487' title='bbox 1753 3862 1905 3920; x_wconf 90' lang='lat' dir='ltr'><strong>nicht</strong></span> <span class='ocrx_word' id='word_1_488' title='bbox 1930 3864 2200 3919; x_wconf 73' lang='lat' dir='ltr'><strong>unerhdrt</strong></span> <span class='ocrx_word' id='word_1_489' title='bbox 2225 3879 2438 3927; x_wconf 85' lang='lat' dir='ltr'><strong>waren,</strong></span> <span class='ocrx_word' id='word_1_490' title='bbox 2475 3880 2586 3919; x_wconf 88' lang='lat' dir='ltr'><strong>nur</strong></span> 
     </span>
     <span class='ocr_line' id='line_1_78' title="bbox 1517 3929 2584 4005; baseline -0.001 -18"><span class='ocrx_word' id='word_1_491' title='bbox 1517 3931 1642 3987; x_wconf 89' lang='lat' dir='ltr'><strong>dass</strong></span> <span class='ocrx_word' id='word_1_492' title='bbox 1665 3929 1946 4005; x_wconf 27' lang='lat' dir='ltr'><strong>‚naturlich</strong></span> <span class='ocrx_word' id='word_1_493' title='bbox 1970 3931 2117 3987; x_wconf 89' lang='lat' dir='ltr'><strong>weni</strong></span> <span class='ocrx_word' id='word_1_494' title='bbox 2160 3948 2220 3986; x_wconf 87' lang='lat' dir='ltr'><strong>er</strong></span> <span class='ocrx_word' id='word_1_495' title='bbox 2246 3947 2313 3985; x_wconf 90' lang='lat' dir='ltr'><strong>an</strong></span> <span class='ocrx_word' id='word_1_496' title='bbox 2325 3929 2584 3986; x_wconf 85' lang='lat' dir='ltr'><strong>Gesellen</strong></span> 
     </span>
     <span class='ocr_line' id='line_1_79' title="bbox 1516 3997 2585 4055; baseline -0.003 0"><span class='ocrx_word' id='word_1_497' title='bbox 1516 4017 1567 4055; x_wconf 91' lang='lat' dir='ltr'><strong>u.</strong></span> <span class='ocrx_word' id='word_1_498' title='bbox 1599 3997 1870 4054; x_wconf 79' lang='lat' dir='ltr'><strong>Gehiilfen</strong></span> <span class='ocrx_word' id='word_1_499' title='bbox 1905 3997 1985 4055; x_wconf 90' lang='lat' dir='ltr'><strong>als</strong></span> <span class='ocrx_word' id='word_1_500' title='bbox 2022 4016 2090 4055; x_wconf 89' lang='lat' dir='ltr'><strong>an</strong></span> <span class='ocrx_word' id='word_1_501' title='bbox 2154 4015 2221 4054; x_wconf 88' lang='lat' dir='ltr'><strong>en</strong></span> <span class='ocrx_word' id='word_1_502' title='bbox 2254 3997 2585 4054; x_wconf 68' lang='lat' dir='ltr'><strong>selbstandi·</strong></span> 
     </span>
     <span class='ocr_line' id='line_1_80' title="bbox 1557 4064 2592 4198; baseline -0.003 -76"><span class='ocrx_word' id='word_1_503' title='bbox 1557 4082 1793 4190; x_wconf 60' lang='lat' dir='ltr'><strong>enkgog.</strong></span> <span class='ocrx_word' id='word_1_504' title='bbox 1815 4064 2473 4198; x_wconf 49' lang='lat' dir='ltr'><strong>tk¹⁸i¹¹⁶{¹0)H³·¹s¹1{“2³rker</strong></span> <span class='ocrx_word' id='word_1_505' title='bbox 2487 4083 2592 4189; x_wconf 52' lang='grc' dir='ltr'><strong>112,ιὲ</strong></span> 
     </span>
     <span class='ocr_line' id='line_1_81' title="bbox 1553 4150 2561 4190; baseline -0.002 0"><span class='ocrx_word' id='word_1_506' title='bbox 1553 4150 1621 4190; x_wconf 88' lang='lat' dir='ltr'><strong>en</strong></span> <span class='ocrx_word' id='word_1_507' title='bbox 1692 4150 1728 4188; x_wconf 88' lang='lat' dir='ltr'><strong>n</strong></span> <span class='ocrx_word' id='word_1_508' title='bbox 1762 4150 1808 4190; x_wconf 79' lang='lat' dir='ltr'><strong>is</strong></span> <span class='ocrx_word' id='word_1_509' title='bbox 1838 4176 1851 4190; x_wconf 93' lang='lat'>.</span> <span class='ocrx_word' id='word_1_510' title='bbox 1898 4161 1967 4171; x_wconf 93' lang='lat'><strong>—</strong></span> <span class='ocrx_word' id='word_1_511' title='bbox 2132 4150 2183 4189; x_wconf 81' lang='lat' dir='ltr'><strong>m</strong></span> <span class='ocrx_word' id='word_1_512' title='bbox 2260 4151 2293 4186; x_wconf 84' lang='lat' dir='ltr'><strong>r</strong></span> <span class='ocrx_word' id='word_1_513' title='bbox 2373 4161 2439 4170; x_wconf 93' lang='lat'><strong>—</strong></span> <span class='ocrx_word' id='word_1_514' title='bbox 2544 4150 2561 4188; x_wconf 87' lang='lat'><em>1</em></span> 
     </span>
     <span class='ocr_line' id='line_1_82' title="bbox 1515 4199 2590 4270; baseline -0.001 -13"><span class='ocrx_word' id='word_1_515' title='bbox 1515 4200 2008 4270; x_wconf 80' lang='lat' dir='ltr'><strong>daraurfolgenden</strong></span> <span class='ocrx_word' id='word_1_516' title='bbox 2049 4199 2380 4264; x_wconf 82' lang='lat' dir='ltr'><strong>Infinitiven,</strong></span> <span class='ocrx_word' id='word_1_517' title='bbox 2429 4200 2590 4257; x_wconf 86' lang='lat' dir='ltr'><strong>nicht</strong></span> 
     </span>
    </p>
   </div>
   <div class='ocr_carea' id='block_1_7' title="bbox 2943 4404 2956 4611">
    <p class='ocr_par' dir='ltr' id='par_1_7' title="bbox 2943 4404 2956 4611">
     <span class='ocr_line' id='line_1_83' title="bbox 2943 4404 2956 4611; textangle 90"><span class='ocrx_word' id='word_1_518' title='bbox 2943 4600 2948 4611; x_wconf 90' lang='grc'><em>“</em></span> <span class='ocrx_word' id='word_1_519' title='bbox 2944 4514 2952 4551; x_wconf 60' lang='lat' dir='ltr'><strong>fl*</strong></span> <span class='ocrx_word' id='word_1_520' title='bbox 2943 4404 2956 4475; x_wconf 43' lang='lat'><strong>21³</strong></span> 
     </span>
    </p>
   </div>
  </div>
 </body>
</html>
