2975 4842
1294 216 1757 281 -130—

394 388 677 457 lescentia
721 386 944 451 cultum
986 398 1045 449 et
1082 405 1318 468 semper
1347 396 1587 450 auctum
1630 388 1745 449 boc
1783 407 1993 453 rursus
2033 407 2265 449 summo
2308 396 2549 450 auctore
2579 399 2644 449 et

398 474 640 537 doctore
670 475 966 535 renovavi.
1027 472 1252 535 Eodem
1282 480 1480 537 tamen
1514 482 1781 553 tempore
1810 474 2054 535 Athenis
2089 472 2245 553 apud
2276 473 2638 535 Demetrium

399 558 613 638 Syrum
630 556 703 637 ⁵),
746 566 1008 620 veterem
1041 564 1100 619 et
1139 576 1258 619 non
1300 556 1624 636 ignobilem
1672 558 1905 621 dicendi
1948 559 2327 637 magistrum,
2377 558 2655 620 studiose.

397 645 666 705 exerceri
696 641 978 704 solebam.
1010 677 1098 688 —-
1125 643 1266 704 Post
1294 661 1327 703 a
1358 661 1455 707 me
1485 650 1605 704 tota
1628 643 1761 704 Asia
1793 650 2106 722 peragrata
2137 651 2226 703 est
2240 660 2371 703 cum
2392 644 2637 705 summis

395 728 634 806 quidem
653 727 1005 798 oratoribus,
1037 726 1391 808 quibuscum
1417 726 1741 788 exercebar
1761 730 1905 805 ipsis
1928 726 2352 806 lubentibus6);
2385 745 2639 808 quorum

397 820 525 875 erat
551 814 834 893 princeps
863 813 1173 892 Menippus
1202 812 1659 875 Stratonicensis
1671 809 1766 888 ⁷),·
1788 831 1921 873 meo
1961 810 2178 872 iudicio
2208 819 2329 872 tota
2360 814 2495 874 Asia
2526 812 2640 873 illis

396 896 767 976 temporibus
795 896 1235 959 disertissimus
1289 896 1518 968 Quibus
1547 914 1667 960 non
1698 904 2011 959 contentus
2041 897 2321 958 Rhodum
2354 899 2482 964 veni
2509 915 2632 958 me-

396 999 510 1060 que
541 982 615 1043 ad
657 980 939 1050 eundem,
987 998 1163 1059 quem
1194 980 1420 1042 Romae
1449 982 1807 1052 audiveram,
1840 981 2133 1042 Molonem
2165 980 2468 1061 applicavi,
2501 999 2638 1042 cum

395 1074 656 1129 actorem
684 1066 747 1126 in
778 1067 934 1128 veris
956 1068 1148 1127 causis
1178 1067 1652 1144 scriptoremque
1681 1074 2080 1147 praestantem
2112 1073 2238 1126 tum
2269 1068 2329 1126 in
2362 1066 2637 1127 notandis

395 1149 1049 1231 animadvertendisque
1099 1152 1255 1212 vitiis
1321 1158 1380 1212 et
1435 1152 1796 1213 instituendo
1854 1151 2242 1228 docendoque
2302 1151 2631 1229 prudentis-

394 1237 610 1297 simum
625 1232 692 1317 8).
764 1234 821 1296 Is
862 1234 1024 1297 dedit
1064 1254 1338 1317 operam,
1385 1238 1437 1298 si
1476 1236 1655 1297 modo
1697 1237 1755 1297 id
1801 1237 2084 1315 consequi
2115 1237 2333 1313 potuit,
2366 1245 2432 1298 ut
2461 1237 2638 1296 nimis

391 1319 926 1382 redundantes'nos
951 1327 1009 1382 et
1039 1320 1473 1402 superfluentes
1494 1320 1734 1382 iuvenili
1756 1323 2010 1401 quadam
2031 1321 2265 1382 dicendi
2284 1322 2635 1399 impunitate

393 1411 453 1466 et
488 1404 724 1465 licentia
769 1406 1127 1483 reprimeret
1167 1414 1225 1466 et
1265 1407 1431 1485 quasi
1475 1413 1640 1466 extra
1682 1408 1840 1487 ripas
1881 1405 2218 1468 diffluentes
2249 1403 2634 1485 coerceret0).

395 1489 478 1550 lta
522 1488 723 1568 recepi
764 1507 863 1550 me
905 1489 1147 1550 biennio
1187 1498 1321 1570 post
1360 1508 1483 1551 non
1514 1489 1691 1552 modo
1724 1492 2100 1552 exercitatior
2140 1490 2245 1551 sed
2283 1508 2473 1570 prope
2503 1509 2635 1551 mu-

390 1581 564 1635 tatus,
626 1572 776 1634 Nam
807 1581 866 1634 et
896 1577 1194 1636 contentio
1224 1576 1400 1636 nimia
1434 1575 1594 1636 vocis
1625 1576 1978 1637 consederat
2020 1582 2078 1637 et
2106 1577 2273 1656 quasi
2303 1575 2637 1637 deferverat

394 1661 583 1719 oratio
616 1656 1017 1738 lateribusque
1046 1661 1198 1721 vires
1229 1667 1287 1721 et
1316 1661 1557 1742 corpori
1586 1661 1904 1722 mediocris
1933 1659 2168 1721 habitus
2197 1667 2528 1722 accesserat
2543 1657 2635 1739 ¹⁰).

586 1819 730 1874 176.
815 1817 1282 1875 Rednerisehe
1322 1819 1698 1875 Laufbahn
1737 1819 1847 1874 bis
1891 1834 2051 1874 zum
2094 1819 2439 1875 consulat.

1232 1913 1410 1976 (Brut.
1446 1915 1533 1980 92,
1572 1916 1674 1964 317
1698 1915 1786 1980 ff.)

463 1995 469 2000 ‚
565 2016 694 2077 Duo
738 2021 863 2076 tum
905 2012 1272 2075 excellebant
1313 2024 1584 2077 oratores
1625 2017 1730 2094 qui
1773 2034 1868 2077 me
1897 2017 2165 2078 imitandi
2196 2016 2515 2096 cupiditate
2546 2019 2633 2077 in-

390 2101 657 2170 citarent,
690 2098 855 2160 Cotta
886 2106 941 2160 et
965 2098 1313 2160 Hortensius
1331 2096 1404 2178 ¹):
1438 2118 1690 2180 quorum
1715 2099 1864 2163 alter
1893 2101 2177 2162 remissus
2199 2108 2257 2160 et
2285 2099 2452 2171 leni8‚
2485 2101 2637 2162 alter

364 2249 561 2308 ,Uehri
603 2266 670 2306 en
720 2250 956 2317 gehorte
1002 2265 1065 2305 er
1121 2265 1222 2304 zur
1272 2266 1462 2307 neuen
1565 2267 1652 2307 me
1670 2251 1771 2307 tibi
1797 2251 2015 2308 dixisse.
2065 2280 2132 2289 -
2180 2252 2511 2308 redundare
2558 2281 2628 2290 --

394 2320 537 2386 (sog.
588 2316 803 2382 finften)
828 2317 1136 2373 Akademie.
1160 2346 1228 2356 —
1263 2319 1315 2383 5)
1340 2316 1461 2374 Von
1564 2334 1636 2375 su
1676 2320 2001 2386 erfluere—
2020 2319 2292 2388 diffluere
2313 2319 2630 2386 (abundare,

392 2386 597 2442 diesem
620 2385 942 2442 Demetrius
978 2386 1053 2441 ist
1085 2392 1244 2465 sonst
1277 2387 1458 2442 nichts
1565 2337 1797 2449 offendi,
1879 2386 2263 2452 effervescere)
2335 2388 2632 2444 sinnverw.

391 2455 590 2509 weiter
610 2452 866 2509 bekannt.
892 2481 958 2492 --
982 2454 1034 2518 6)
1059 2453 1152 2509 Dte
1162 2453 1458 2516 Rhetoren,
1563 2455 2018 2523 Bezeichnungen
2073 2472 2184 2512 von
2248 2455 2626 2525 pomphaftem

391 2538 456 2576 so
482 2521 697 2576 scheint
731 2537 814 2583 es,
860 2520 1149 2577 schlossen
1183 2522 1302 2577 sich
1336 2520 1457 2577 dem
1563 2521 1906 2580 Wortstrom
1931 2540 1982 2579 u.
2006 2521 2319 2581 Redefluss:
2365 2523 2507 2587 „der
2538 2523 2629 2578 ich

392 2588 499 2643 Cic.
525 2587 622 2643 auf
642 2588 693 2644 d.
717 2587 880 2668 Beise
903 2606 998 2650 an,
1019 2604 1127 2666 'um
1160 2588 1458 2656 gleichsam
1563 2589 1621 2644 in
1640 2590 2029 2659 jugendlicher
2050 2591 2293 2647 Freiheit
2315 2592 2430 2647 und
2453 2590 2632 2658 Unge-

393 2654 704 2712 Gastrollen
728 2670 785 2710 ιιι
809 2656 915 2712 den
939 2657 1107 2712 Astat.
1134 2655 1361 2712 Stadten
1387 2672 1457 2712 zu
1560 2656 1899 2715 bundenheit
1931 2657 2077 2715 allzu
2111 2659 2240 2714 sehr
2275 2658 2399 2715 dem
2435 2659 2624 2714 Strom

433 2721 596 2786 eben;
633 2724 781 2791 ipsis
806 2723 1125 2781 lubentibus
1149 2724 1285 2787 „mit
1308 2725 1457 2780 ihrer

436 2791 791 2859 ustimmung,
818 2808 888 2847 zu
908 2792 1082 2847 ihrem
1108 2791 1456 2848 besonderen

391 2857 498 2915 Ver
572 2862 771 2928 ugen“‚
799 2876 861 2915 so
889 2858 972 2917 oft
996 2858 1218 2916 absolut
1241 2860 1298 2916 in
1321 2859 1455 2916 Hof-

390 2926 465 2982 lic
543 2926 910 2992 eitsformeln;
958 2926 1149 2984 Plaut.
1183 2929 1378 2998 Amph.
1403 2933 1451 2991 2,

391 2998 439 3058 2,
465 2998 592 3050 218:
633 2995 829 3065 edepol
871 3011 958 3051 me
991 2996 1215 3053 lubente
1256 2996 1452 3060 facies:

393 3062 446 3120 d.
474 3080 553 3119 or.
578 3067 628 3126 2,
655 3067 743 3117 73:
782 3080 869 3121 me
893 3080 1025 3120 vero
1049 3064 1271 3121 libente.
1303 3093 1370 3102 —-
1404 3064 1455 3128 7)

392 3129 551 3186 Men.
580 3129 756 3186 Strat.
798 3159 863 3168 —
906 3148 1003 3187 aus
1030 3130 1377 3189 Stratonikea
1402 3133 1458 3187 in

391 3196 591 3253 Karien
613 3226 681 3235 —
712 3196 993 3265 (angelegt
1014 3215 1063 3255 v.
1087 3199 1394 3256 Antiochos
1419 3200 1456 3255 1.

393 3281 463 3320 zu
494 3262 675 3320 Ehren
710 3282 754 3319 S.
790 3264 1073 3321 Gemahlin
1124 3267 1457 3332 Stratonike)

370 3358 459 3369 --
495 3347 555 3387 er
587 3349 643 3387 u.
678 3331 800 3388 and.
825 3332 1144 3389 Asianische
1176 3333 1458 3391 Rhetoren
1485 3393 1488 3396 ,

390 3398 534 3454 auch
558 3396 610 3454 b.
634 3398 784 3456 Plut.
812 3398 919 3455 Cic.
942 3403 992 3455 4.
1016 3428 1084 3437 —
1105 3402 1158 3466 8)
1183 3401 1458 3457 Molon—

395 3483 464 3523 zu
488 3483 605 3523 vor.
631 3466 731 3530 St..
757 3467 817 3522 A.
843 3471 892 3523 8.
923 3496 990 3505 -
1037 3484 1209 3525 verae
1241 3486 1458 3528 causae

393 3563 455 3573 —
487 3533 812 3598 „wirkliche
834 3534 1228 3601 Rechtsi'alle“,
1253 3537 1326 3592 im
1354 3538 1457 3594 Ge-

392 3617 642 3670 gens„zu
671 3604 867 3671 fictae,
895 3603 1069 3672 dergl.
1106 3609 1294 3674 spater
1325 3623 1458 3663 con-

388 3672 709 3728 troversiae
748 3672 969 3728 hiessen
1004 3688 1057 3727 u.
1095 3688 1195 3729 zur
1227 3672 1458 3743 Uebung

391 3737 450 3793 in
474 3737 581 3793 den
593 3736 833 3796 Schulen
857 3739 1178 3796 verbandelt
1201 3741 1452 3799 wurden.

392 3833 461 3843 —
485 3810 685 3862 notare
732 3810 1010 3875 „rt'igen“,
1060 3825 1129 3865 zu
1161 3808 1239 3865 St.
1263 3813 1354 3872 54,
1396 3815 1454 3873 5;

392 3873 1121 4009 ῗιίιῖῧῐιιφῐιεῐῐὲἲιιῑέῐῗιῗῧξξεξξὶι
1145 3877 1318 4010 ἒέἓῗε
1335 3880 1461 4010 αξξ)-

394 4037 458 4047 -
483 4009 535 4074 9)
560 4010 798 4066 simodo
843 4036 911 4047 —
954 4009 991 4065 i.
1016 4027 1071 4080 q.
1094 4014 1275 4078 modo,
1301 3964 1461 4070 egum—

393 4078 571 4140 modo,
596 4093 798 4140 „wenn
821 4075 1035 4141 anders,
1061 4080 1315 4143 soweit“,
1340 4081 1462 4137 hier

390 4143 591 4199 Ausdr.
616 4144 715 4200 der
737 4143 1214 4209 Bescheidenheit,
1241 4150 1351 4207 Att.
1379 4151 1459 4210 12,
1507 4193 1511 4199 .

393 4213 488 4265 18:
536 4218 657 4268 tute
691 4211 826 4274 scis,
861 4214 918 4268 si
951 4215 1112 4270 modo
1146 4215 1459 4279 meministi,

1558 2742 1613 2781 u.
1633 2725 1945 2783 Ueberfluss
1981 2726 2081 2783 der
2103 2727 2300 2784 Worte
2324 2728 2468 2782 mich
2505 2727 2626 2782 hin-

1558 2793 1717 2860 gab“.
1742 2821 1807 2832 --
1839 2810 2107 2851 coercere
2142 2822 2207 2832 —·
2244 2803 2283 2849 t.
2309 2802 2349 2850 t.
2376 2812 2424 2850 v.
2458 2793 2627 2857 „Ein-

1559 2861 1843 2918 dammen“
1867 2862 1964 2918 des
1990 2862 2263 2929 wasser-s,
2297 2861 2375 2918 St.
2404 2866 2517 2923 191,
2548 2865 2627 2924 11,

1558 2928 1678 2985 Liv.
1705 2933 1796 2993 21,
1822 2935 1916 2985 31:
1972 2931 2206 3000 Alpinus
2242 2930 2415 2987 amnis
2457 2927 2625 2985 nullis

1557 3000 1841 3054 coercitus
1861 2998 2025 3067 ripis;
2056 2998 2152 3055 Ov.
2164 2998 2229 3054 M.
2246 3004 2291 3061 1,
2313 3003 2437 3052 343:
2465 3012 2626 3054 coer-

1562 3068 1681 3122 cuit
1703 3081 1891 3122 omnes
1918 3066 2150 3131 (undas).
2172 3095 2239 3102 —
2268 3067 2350 3132 10)
2376 3066 2628 3132 bienn.p.

1560 3162 1627 3172 -
1651 3134 1725 3189 im
1748 3134 1795 3189 J.
1823 3138 1914 3198 77;
1949 3135 2254 3190 considere
2285 3162 2353 3172 --
2384 3150 2494 3190 von
2528 3133 2629 3188 der

1562 3202 1790 3258 Stimme
1813 3218 1920 3257 nur
1950 3201 2095 3265 hier,
2131 3201 2263 3257 aber
2285 3218 2334 3256 v,
2359 3201 2481 3258 and.
2505 3200 2630 3257 Lei·

1563 3268 1921 3326 denschaften
1947 3270 2102 3332 „sich
2127 3270 2339 3337 legen“,
2364 3271 2517 3326 Brut.
2528 3273 2625 3322 24:

1563 3337 1729 3395 ardor
1750 3338 1915 3394 animi
1940 3340 2225 3401 comedin
2268 3338 2431 3394 Acad.
2457 3342 2506 3399 2,
2531 3342 2626 3390 Ξτε

1562 3405 1723 3463 furor
1746 3407 2018 3462 consedit.
2041 3434 2108 3443 —
2132 3407 2535 3474 defervescere
2552 3432 2627 3483 .—

1560 3473 1963 3539 ..ausbrausem
1995 3475 2360 3541 -ausgahren‘z
2388 3473 2484 3529 das
2505 3471 2627 3528 Bild

1561 3558 1689 3599 vom
1712 3541 1985 3598 Abklaren
2011 3541 2107 3598 des
2124 3542 2332 3605 Weins,
2356 3542 2509 3597 Brut.
2532 3543 2625 3592 83:

1560 3625 1703 3665 nova
1726 3609 1830 3664 ista
1855 3610 2015 3678 quasi
2041 3608 2109 3665 de
2132 3617 2316 3666 musto
2350 3606 2535 3676 (Most)
2572 3612 2628 3686 et

1561 3675 1684 3732 lacu
1738 3675 2111 3743 (Kelterkufe)
2164 3678 2400 3746 fervida
2447 3682 2629 3732 oratio

1559 3743 1843 3813 fugienda;
1869 3744 2021 3800 Plin.
2049 3761 2134 3824 ep.
2155 3750 2204 3808 9,
2232 3749 2322 3800 16:
2349 3761 2453 3814 pro
2478 3759 2625 3799 novo

1559 3820 1742 3868 musto
1762 3828 1935 3869 novos
1954 3813 2259 3870 versteulos
2284 3813 2400 3875 tibi,
2425 3819 2491 3868 ut
2512 3811 2628 3881 pri·

1564 3895 1714 3935 mum
1732 3879 2062 3937 videbuntur
2079 3881 2421 3949 defervisse,
2443 3879 2625 3958 mitte·

1564 3958 1705 4003 mus,
1728 3976 1795 3986 --
1818 3949 2123 4005 mediocris
2147 3978 2211 3988 —
2247 3948 2474 4012 lobend,
2508 3946 2626 4002 bet—

1565 4013 1672 4070 den
1693 4014 1983 4072 Exti-emen
2010 4017 2157 4072 feru:
2197 4017 2505 4080 „leidlich“·

1634 4083 1684 4148 1)
1722 4082 1778 4139 Ο.
1802 4085 2077 4142 Aurelius
2104 4084 2289 4151 Cotta,
2334 4085 2434 4140 mit
2473 4081 2625 4140 Sulla

1565 4153 1631 4202 82
1654 4168 1753 4208 aus
1787 4151 1886 4208 der
1911 4151 2281 4221 Verbannung
2313 4154 2452 4209 nach
2486 4150 2626 4207 Rom

1565 4217 1796 4282 zurt'ick.
1847 4219 2051 4277 Consul
2088 4224 2175 4283 75,
2223 4222 2363 4277 nach
2396 4219 2630 4281 Gallien,
