2975 4842
1283 232 1754 298 ...122-

380 409 531 471 dum
571 405 688 479 ille,
733 405 839 470 sed
870 407 1086 470 Veneri
1116 412 1177 468 et
1205 404 1478 487 Cupidini
1508 411 1640 468 vota
1672 404 1919 468 deberet
1934 401 2033 483 12),
2080 406 2130 467 is
2157 404 2454 471 Minervae
2485 414 2634 470 tem-

389 492 553 573 plum
583 490 841 573 spoliare
871 498 1119 564 conatus
1148 499 1258 553 est.
1317 489 1423 552 Ille
1451 491 1597 553 deos
1626 490 1880 555 deorum
1919 489 2122 571 spoliis
2161 508 2379 557 ornare
2415 491 2632 555 noluit:

381 578 486 641 hic
530 583 876 639 ornamenta
914 576 1215 638 Minervae
1260 576 1506 653 virginis
1544 577 1605 641 in
1647 582 1887 655 turpem
1928 575 2169 639 domum
2219 574 2522 639 transtulit
2538 572 2632 653 ¹³).

390 697 469 709 -
485 663 703 741 Viginti
728 669 792 724 et
816 670 1049 739 septem
1081 669 1396 739 praeterea
1425 658 1659 722 tabulas
1684 659 2088 739 pulcherrime
2109 661 2296 740 pictas
2317 679 2393 723 ex
2423 659 2631 725 eadem

382 747 535 810 aede
576 745 838 815 sustulit,
885 747 949 806 in
990 745 1202 825 quibus
1241 753 1414 807 erant
1450 747 1740 824 imagines
1782 744 2018 809 Siciliae
2060 762 2271 824 regum
2321 764 2393 806 ac
2431 754 2636 826 tyran·

385 850 605 894 norum
624 828 716 911 ¹⁴),
750 848 905 908 qnae
934 848 1056 893 non
1085 828 1276 892 solum
1306 831 1602 910 pictorum
1626 830 1874 893 artificio
1906 828 2296 900 delectabant,
2326 829 2432 892 sed
2458 831 2631 893 etiam

379 918 953 979 commemoratione
967 915 1274 977 hominnm
1285 923 1348 976 et
1359 915 1703 992 cognitione
1725 914 2074 977 formarum.
2106 916 2190 977 Ac
2205 914 2398 976 videte
2411 924 2632 995 quanto

378 1001 633 1063 taetrior
656 1000 756 1061 hic
785 1007 1071 1080 tyrannus
1097 1000 1482 1080 Syracusanis
1513 999 1689 1061 fuerit
1718 1018 1894 1079 quam
1925 1002 2232 1079 quisquam
2254 1002 2631 1079 superiorum

388 1104 699 1166 umquam:
742 1083 830 1147 illi
859 1093 1058 1147 tamen
1089 1093 1382 1149 ornarunt
1425 1083 1648 1164 templa
1677 1084 1926 1146 deorum
1955 1081 2502 1165 immortaliumffi),
2535 1084 2631 1149 hic

376 1171 566 1232 etiam
594 1169 835 1232 illorum
866 1176 1251 1231 monumenta
1281 1175 1460 1247 atque
1489 1177 1840 1233 ornamenta
1869 1167 2121 1231 sustulit.
2286 1198 2292 1204 ·

490 1300 495 1305 .
552 1253 679 1315 Iam
717 1273 860 1316 vero
901 1254 1043 1333 quid
1079 1271 1190 1333 ego
1234 1253 1308 1316 de
1347 1252 1528 1317 valvis
1568 1253 1727 1317 illius
1778 1253 1988 1332 templi
2036 1270 2501 1319 commemorem
2520 1250 2628 1333 ¹⁸)?

378 1339 612 1401 Vereor
654 1357 731 1400 ne
769 1338 918 1399 haec
959 1340 1062 1418 qui
1103 1356 1224 1402 non
1267 1339 1541 1401 viderunt
1592 1338 1791 1401 omnia
1832 1356 1931 1401 me
1970 1339 2146 1399 nimis
2185 1355 2404 1418 augere
2455 1346 2630 1418 atque

260 1443 267 1450 ’
374 1441 606 1485 ornare
636 1420 1001 1484 arbitrentur
1015 1442 1043 1492 ;-
1065 1423 1222 1503 quod
1252 1429 1452 1485 tamen
1475 1442 1654 1487 nemo
1673 1423 1967 1504 suspicari
1996 1422 2189 1493 dehet,
2223 1429 2342 1485 tam
2371 1441 2501 1485 esse
2532 1441 2629 1485 me

372 1507 668 1587 cupidum
711 1514 779 1569 ut
820 1513 906 1568 tot
946 1508 1102 1568 viros
1142 1508 1458 1587 primarios
1474 1504 1545 1587 ¹⁷)
1586 1506 1795 1578 velim,
1848 1508 2198 1588 praesertim
2244 1525 2317 1569 ex
2366 1507 2629 1570 iudicum

385 1609 657 1660 numero,
686 1593 790 1673 qui
819 1591 1129 1671 Syracusis
1155 1592 1402 1664 fuerint,
1435 1594 1539 1672 qui
1566 1593 1714 1654 haec
1745 1591 2030 1662 viderint,
2062 1610 2192 1654 esse
2220 1593 2542 1653 temeritati
2569 1598 2633 1656 et

376 1674 696 1739 mendacio
727 1694 860 1738 meo
890 1677 1178 1741 conscios.
1222 1677 1587 1741 Confirmare
1609 1678 1724 1739 hoc
1743 1676 1969 1758 liquido
1985 1674 2343 1756 18),iudices,
2368 1692 2627 1757 possum,

383 1760 580 1823 valvas
621 1762 1184 1840 magnificentiores,
1230 1780 1305 1824 ex
1347 1780 1496 1824 auro
1534 1769 1711 1843 atque
1766 1761 1950 1824 ebore
2000 1761 2388 1843 perfectiores
2436 1760 2632 1823 nullas

384 1865 668 1926 umquam
712 1845 834 1907 ullo
873 1847 935 1907 in
976 1847 1198 1925 templo
1239 1847 1438 1909 fuisse.
1499 1845 1856 1911 Incredibile
1896 1847 2057 1909 dictu
2098 1854 2188 1908 est
2237 1865 2415 1926 quam
2459 1844 2630 1907 multi

370 1931 601 1993 Graeci
628 1931 703 1993 de
722 1930 934 1993 harum
946 1930 1242 1994 valvarum
1268 1929 1708 2010 pulchritudine
1731 1933 2020 2012 scriptum
2034 1930 2385 2010 reliquerint
2400 1928 2494 2010 19).
2525 1930 2629 1992 Ni-

382 2019 572 2077 mium
603 2017 851 2078 forsitan
881 2016 1028 2076 haec
1057 2016 1142 2077 illi
1170 2016 1464 2078 mirentur
1495 2025 1672 2097 atque
1702 2016 1968 2088 efferant,
2002 2024 2159 2086 esto;
2192 2033 2398 2081 verum
2427 2022 2629 2077 tamen

368 2200 505 2255 =Liv.
538 2203 629 2264 25,
662 2203 731 2253 40
765 2199 940 2266 (oben
965 2200 1028 2254 A.
1052 2200 1113 2265 3)
1149 2201 1205 2255 in
1237 2200 1452 2256 Wider-

372 2269 609 2337 -sprueh.
652 2297 724 2309 --
772 2268 864 2332 12)
899 2270 998 2336 qui
1026 2297 1095 2307 —-
1126 2267 1354 2324 deberet
1385 2296 1455 2307 —

376 2334 634 2395 weshalb
665 2335 800 2391 Con*
847 2335 1030 2391 nktiv‘?
1059 2364 1127 2374 -
1159 2336 1297 2392 deos
1319 2337 1452 2392 deo-

384 2421 516 2460 rum
546 2432 616 2441 ·—
645 2404 769 2459 Wie
811 2403 1086 2470 erholung
1119 2404 1262 2460 desS.
1288 2401 1453 2460 Wor-

383 2479 488 2535 teS,
514 2470 592 2527 St.
617 2476 709 2533 39,
735 2476 784 2527 2.
833 2500 900 2511 —-
949 2471 1033 2535 13)
1066 2469 1337 2527 Minerva
1370 2471 1451 2551 als

372 2546 628 2606 strange,
648 2537 1063 2607 jungfrauliohe
1082 2538 1287 2602 Gottin,
1310 2554 1454 2607 παρ-

367 2608 582 2666 «nevos.
609 2634 680 2645 —
713 2607 797 2671 14)
831 2608 893 2661 in
917 2622 1008 2671 qu.
1034 2610 1204 2660 erant
1225 2632 1293 2644 —·
1326 2605 1458 2668 „auf

382 2673 638 2729 welchen
663 2671 979 2741 abgebildet
1003 2675 1244 2738 waren“,
1268 2672 1454 2730 wobei

372 2740 436 2797 d.
460 2739 770 2797 bestimmte
793 2738 923 2795 Zahl
958 2740 1080 2796 eine
1114 2756 1452 2796 zusammen-

384 2807 672 2877 hangende
703 2807 1044 2864 Bilderreihe
1077 2808 1452 2864 wahrschein·

381 2876 495 2933 lich
541 2876 725 2932 macht
773 2874 1109 2945 (Kaisersaal
1143 2876 1216 2932 im
1251 2874 1453 2932 Frank-

380 2943 565 3000 ¹furter
586 2943 826 3012 Romer).
859 2972 925 2983 -
960 2945 1044 3009 15)
1069 2961 1262 3001 comm.
1287 2943 1452 3008 „Ver-

371 3011 1452 3148 ’ἒῗῗῗ“”ῗὲ“3ωὲὲ’ξ“ἓὲῗᾶῗέῗὲθΒέἶζί

368 3098 408 3136 s
439 3098 469 3137 e
515 3098 591 3137 un
675 3124 689 3144 ,
732 3098 779 3137 c.
864 3098 893 3136 e
936 3122 948 3135 .
1091 3122 1106 3136 .
1268 3103 1314 3141 .‚·

379 3151 559 3216 quitio
581 3149 755 3215 form.
792 3147 1310 3214 „Bekanntwerden
1333 3148 1449 3209 mit,

378 3215 628 3271 dadurch
644 3215 768 3271 dass
779 3230 904 3270 man
919 3218 1026 3277 -“;
1041 3215 1151 3270 wie
1162 3213 1453 3270 berflhmte

381 3282 606 3338 Manner
624 3282 967 3350 ausgesehen
987 3281 1182 3345 haben,
1203 3282 1354 3345 scien
1372 3281 1454 3338 sie

370 3350 524 3405 ..auch
558 3364 621 3403 so
655 3347 1010 3405 verwilderte
1042 3366 1095 3404 ιι.
1138 3347 1453 3407 unliebens-

379 3416 635 3484 wurdige
668 3415 843 3475 Lente
884 3416 995 3472 wie
1043 3417 1133 3472 die
1166 3414 1312 3472 Sicil.
1347 3416 1453 3484 Ty-

380 3500 608 3547 rannen,
642 3484 717 3540 ist
751 3500 818 3539 zu
851 3483 997 3540 allen
1029 3484 1241 3547 Zeiten,
1275 3501 1328 3541 u.
1353 3485 1454 3540 mit

380 3551 580 3616 Recht,
627 3552 726 3608 der
758 3551 951 3620 Menge
984 3552 1317 3608 interessant
1358 3568 1452 3621 ge-

370 3636 586 3676 wesen.
610 3619 715 3676 Der
726 3619 1229 3688 wirkungsvollere
1240 3620 1452 3689 Gegen-

370 3694 497 3742 ‘satz
546 3695 668 3743 zum
714 3687 1083 3745 moralischen
1125 3687 1453 3755 Ungeheuer

370 3754 531 3810 eines
551 3754 767 3820 VerreS‚
791 3756 904 3813 wie
929 3755 1145 3812 Cic.ihn
1169 3755 1450 3818 schildert,

376 3821 607 3878 verhilft
637 3822 805 3890 Jenen
837 3823 960 3879 hier
994 3839 1160 3892 sogar
1194 3841 1263 3879 zu
1298 3823 1452 3880 einer

376 3890 482 3945 Art
505 3907 553 3945 v.
578 3890 1059 3958 Verherrlichung,
1084 3905 1222 3957 ganz
1246 3891 1322 3945 im
1348 3891 1449 3947 Ge-

372 3964 604 4024 gensatz
630 3975 697 4013 zu
723 3957 845 4013 dem
871 3958 1163 4014 anderswo
1190 3957 1452 4014 z.B.1“1ber

372 4024 671 4094 Dionysios
704 4024 742 4080 Ι.
782 4026 1156 4091 Berichteten‚
1208 4026 1306 4082 der
1351 4027 1451 4082 mit

378 4092 792 4150 Gotterbildern
811 4092 1016 4150 ebenso
1034 4092 1257 4156 kurzen,
1281 4092 1448 4149 oben-

378 4159 536 4214 drein
570 4161 671 4216 mit
693 4161 839 4216 witz
870 4164 1192 4230 gewfirzten
1214 4159 1446 4217 Prozess

379 4227 621 4283 machte:
644 4226 815 4285 St.45.
827 4257 889 4267 —-
915 4229 997 4293 16)
1021 4229 1295 4284 valvae—
1307 4227 1447 4284 Isia.

1560 2199 1711 2268 Orig.
1747 2204 1842 2264 13,
1873 2204 1931 2254 7:
1965 2201 2146 2256 ianua
2182 2206 2266 2256 est
2299 2198 2479 2256 aditus
2514 2199 2630 2279 pri·

1555 2282 1680 2323 mus
1706 2268 1763 2323 in
1786 2268 1981 2331 domo;
2016 2268 2303 2324 ο31ἰιιηιίιι
2325 2266 2633 2336 quemlihet

1556 2335 1743 2392 locum
1790 2335 2013 2397 domus:
2068 2335 2235 2403 fores
2288 2350 2436 2405 quae
2482 2333 2632 2391 foras

1557 2410 1877 2465 vel-tuntum
1914 2403 2116 2459 valvae
2146 2419 2291 2472 quae
2323 2402 2475 2457 intus
2501 2418 2629 2481 ape-

1557 2471 1803 2534 riuntur:
1835 2476 2040 2537 portae
2072 2486 2205 2527 vero
2237 2485 2524 2525 murorum
2549 2469 2630 2526 di-

1557 2546 1785 2602 cuntum
1821 2539 1953 2595 ibid.
1978 2537 2178 2594 valvae
2202 2537 2464 2593 dicuntur
2486 2553 2631 2606 quae

1555 2606 1707 2661 intus
1734 2605 2098 2669 revolvuntur
2126 2613 2180 2661 et
2205 2604 2454 2673 duplices
2481 2621 2631 2661 com-

1556 2672 1971 2798 plicabilesque.
2025 2673 2122 2730 Ov.
2147 2672 2214 2729 Μ.
2239 2676 2288 2734 2,
2314 2676 2371 2726 4:
2399 2673 2634 2740 Argenti

1593 2740 1778 2809 ifores
1825 2739 2110 2797 radiabant
2158 2740 2366 2796 lumine
2413 2740 2632 2797 valvae.

1556 2838 1626 2849 --
1654 2809 1736 2873 17)
1761 2809 2083 2876 cupidus—
2102 2807 2627 2872 ‚,leidenschaftlieh‚

1557 2876 1924 3000 pssissifisfissiie
1943 2875 2201 3000 {teies}
2251 2876 2629 3011 Ζὲἔηὲῗὲἓθή·

1559 2962 1585 2998 s
1926 2961 1956 2998 ι·
2104 2961 2142 3000 ιι
2411 3000 2416 3003 ,
2501 2986 2515 2999 .
2562 2969 2632 2982 —-

1561 3013 1674 3067 viri
1683 3013 1958 3079 primarii
1977 3034 2048 3057 =
2071 3010 2182 3068 nob
2223 3027 2304 3075 eS,
2329 3012 2627 3080 principes,

1556 3095 1849 3201 Brocere&
1883 3078 2058 3134 Flacc.
2093 3083 2186 3142 21,
2212 3082 2303 3133 50:
2339 3080 2483 3148 petit
2517 3096 2547 3134 a
2575 3079 2630 3136 C.

1599 3146 1740 3204 lotio
1798 3154 2080 3210 senatore,
2140 3148 2264 3203 viro
2314 3149 2630 3214 primario,-

1557 3212 1711 3270 Verr.
1734 3218 1782 3278 ὅ,
1807 3217 1901 3270 45:
1928 3216 2017 3270 vir
2033 3231 2128 3281 pr.
2153 3214 2320 3271 homo
2347 3213 2629 3272 nobilissi-

1557 3297 1697 3338 muS.
1723 3309 1791 3319 —
1815 3283 2083 3341 conscius
2108 3280 2281 3339 c.Dat.
2308 3278 2625 3339 Cluent.2o:

1558 3352 1827 3406 conscius
1886 3349 1969 3404 illi
2026 3348 2284 3412 facinori,
2342 3348 2529 3417 haufig
2575 3348 2627 3405 b.

1554 3416 1837 3482 Dichtern,
1863 3418 1974 3475 z.B.
1999 3416 2096 3473 Ov.
2107 3416 2173 3472 M.
2195 3421 2243 3480 7,
2262 3421 2386 3472 194:
2414 3417 2626 3485 coeptis

1556 3487 1791 3541 conscia
1813 3486 2049 3549 nostris,
2083 3483 2352 3540 wahrend
2375 3485 2432 3540 in
2456 3485 2629 3541 Prosa

1557 3552 1610 3609 d.
1637 3552 1769 3609 Gen.
1795 3553 2086 3620 vorwiegt.
2115 3581 2179 3590 -
2205 3552 2291 3621 18)
2318 3553 2529 3620 liquido
2554 3581 2619 3590 —

1555 3618 1757 3685 „ssiissi
1809 3622 1840 3642 “
1889 3620 1938 3675 d.
1975 3622 2028 3677 h.
2074 3620 2216 3676 ohne
2264 3637 2334 3676 zu
2380 3620 2627 3683 stockem

1554 3636 1991 3753 „entscfitedem
2042 3686 2441 3767 zuverlassig‘2
2486 3687 2630 3747 heim

1555 3756 1877 3824 Behaupten
1914 3754 2001 3812 od.
2027 3755 2360 3834 Verneinen,
2396 3756 2551 3812 Verr.
2580 3761 2629 3820 3,

1553 3826 1646 3878 59:
1684 3839 1845 3879 nemo
1882 3830 1999 3878 erat
2022 3838 2159 3892 qum
2183 3824 2293 3880 hoc
2326 3839 2387 3880 se
2410 3824 2631 3880 audisse

1505 3908 1508 3911 ¹
1554 3891 1767 3958 liquido
1791 3892 2036 3952 diceret,-
2061 3889 2186 3947 fam.
2215 3896 2293 3955 11,
2319 3896 2403 3956 27,
2430 3896 2486 3946 7:
2524 3891 2631 3948 alia

1555 3966 1688 4017 sunt
1719 3975 1864 4029 quae
1896 3959 2115 4040 liquido·
2140 3975 2354 4040 nequo-e.
2401 3959 2629 4015 soleam.

1552 4025 2630 4164 ffiessfflgii‘zssfflffiisseffixfflz

1553 4161 1780 4218 werken
1828 4161 1943 4219 bes,
1994 4161 2492 4219 Aufmerksamkeit
2534 4179 2631 4218 zu·

1553 4229 1835 4294 wandten,
1870 4230 1980 4286 wie
2006 4248 2050 4287 z.
2076 4231 2134 4287 B.
2167 4231 2243 4286 im
2278 4235 2327 4287 2.
2361 4230 2547 4287 Jahrb.
2575 4246 2630 4286 n.
