2975 4842
1185 249 1643 314 ——157-

294 421 727 491 transmittant,
763 418 1043 499 trianguli
1074 419 1313 481 efficere
1342 419 1627 490 formam;
1672 420 1799 483 eius
1830 429 2025 483 autem
2055 439 2287 484 summo
2318 421 2535 501 angulo

293 525 398 570 aer
442 505 516 568 ab
549 507 635 567 eis
665 506 946 566 adversus
974 504 1245 584 pellitur3
1279 504 1495 585 deinde
1525 507 1741 566 sensim
1772 505 1845 566 ab
1878 515 2128 586 utroque
2168 505 2355 568 latere
2385 515 2539 568 tam-

296 606 470 671 quam
501 591 686 653 remis
715 593 795 652 ita
826 592 1040 670 pennis
1070 608 1278 653 cursus
1308 590 1500 651 avium
1530 589 1777 651 levatur.
1850 592 2015 653 Basis
2038 600 2233 653 autem
2264 590 2541 671 trianguli

294 695 471 758 quem
502 694 682 755 grues
714 675 995 745 efficiunt,
1027 693 1094 736 ea
1126 682 1427 753 tamquam
1456 694 1491 736 a
1520 676 1706 754 puppi
1736 677 1921 737 ventis
1951 676 2257 738 adiuvatur
2271 673 2372 755 21),
2406 695 2539 738 eae·

289 780 411 840 que
452 762 514 821 in
558 769 728 838 tergo
772 758 1240 837 praevolantium
1280 758 1430 821 colla
1474 768 1534 821 et
1573 761 1762 839 capita
1819 768 2167 839 reponunt,
2195 761 2352 842 quod
2396 763 2535 840 quia

293 849 425 927 ipse
457 845 575 906 dux
605 844 802 906 facere
833 863 951 905 non
983 851 1197 924 potest,
1231 845 1365 924 quia
1396 862 1519 905 non
1548 844 1731 907 habet
1761 847 1857 906 cui
1889 845 2191 914 innitatur,
2223 844 2447 907 revolat
2475 854 2542 908 ut

295 935 427 1012 ipse
460 947 696 1009 quoque
727 928 1021 1009 quiescat;
1053 931 1115 990 in
1137 931 1263 991 eius
1283 927 1481 991 locum
1504 947 1622 990 una
1646 931 1912 992 succedit
1935 949 2007 991 ex
2030 933 2116 991 eis
2137 949 2286 1010 quae
2309 932 2541 1011 acquie-

296 1022 460 1084 runt,
495 1033 681 1094 eaque
709 1014 1052 1076 vicissitudo
1080 1015 1144 1075 in
1174 1015 1338 1075 omni
1360 1033 1541 1076 cursu
1565 1022 1978 1075 conservatur:
2013 1014 2192 1078 Multa
2223 1017 2351 1077 eius
2379 1015 2542 1077 modi

292 1101 570 1181 proferre
600 1117 863 1178 possum,
897 1099 1001 1160 sed
1033 1117 1220 1178 genus
1248 1099 1444 1179 ipsum
1473 1098 1687 1160 videtis
1700 1096 2029 1178 ²²).--1am
2061 1118 2200 1161 vero
2230 1099 2328 1160 illa
2362 1101 2538 1161 etiam

293 1187 558 1255 notiora,
607 1192 825 1263 quanto
867 1203 934 1246 se
976 1202 1158 1262 opere
1207 1185 1541 1246 custodiant
1583 1184 1839 1255 bestiae,
1882 1191 1950 1245 ut
1990 1187 2053 1244 in
2086 1194 2254 1262 pastu
2287 1187 2537 1245 circum-

290 1275 593 1350 spectent,
638 1276 704 1330 ut
731 1270 794 1329 in
825 1268 1123 1331 cubilibus
1151 1268 1520 1330 delitescant.
1579 1273 1654 1331 At
1694 1287 1869 1349 quam
1899 1268 2002 1330 illa
2036 1268 2344 1338 mirabilia,
2377 1269 2539 1347 quod

296 1373 363 1415 ea
406 1373 556 1434 quae
611 1372 829 1434 nuper,
883 1353 942 1415 id
985 1360 1074 1415 est
1112 1355 1317 1433 paucis
1359 1363 1497 1416 ante
1540 1355 1821 1425 saeculis,
1863 1354 2233 1416 medicorum
2284 1356 2539 1433 ingeniis

292 1447 532 1519 reperta
581 1435 838 1518 stunt²‘⁵):v
896 1440 1215 1500 vomitione
1271 1457 1474 1508 canes,
1529 1441 1883 1519 purgatione
1949 1446 2143 1500 autem
2198 1437 2357 1500 alvos
2410 1438 2539 1500 ibes

294 1524 613 1603 Aegyptiae
633 1530 865 1586 curant.
905 1524 1184 1586 Auditum
1212 1532 1300 1585 est
1321 1524 1658 1605 pantheras,
1691 1525 1926 1604 quaein
1960 1524 2232 1591 barbaria
2256 1531 2543 1586 venenata

293 1627 475 1670 carne
505 1615 883 1689 caperentur,
914 1608 1244 1670 remedium
1275 1609 1570 1688 quoddam
1603 1609 1826 1670 habere
1855 1628 1974 1690 quo
2004 1627 2139 1671 cum
2166 1615 2366 1670 essent
2395 1627 2536 1670 usae

293 1711 416 1755 non
445 1700 858 1764 morerentur;
906 1712 1115 1772 capras
1145 1702 1340 1755 autem
1371 1696 1434 1753 in
1465 1694 1637 1755 Creta
1670 1694 1844 1761 feras,
1878 1712 2011 1754 cum
2044 1703 2242 1755 essent
2273 1695 2536 1754 confixae
2643 1755 2661 1769 ⁶

294 1781 601 1840 venenatis
623 1779 867 1856 sagittiS,
891 1777 1139 1840 herbam
1165 1796 1454 1857 quaerere
1473 1796 1625 1857 quae
1648 1779 1979 1839 dictamnus
2004 1786 2331 1848 vocaretur,
2360 1796 2537 1859 quam

293 1882 430 1925 cum
461 1864 870 1943 gustavissent,
905 1864 1146 1941 sagittas
1177 1863 1453 1924 excidere
1483 1863 1689 1924 dicunt
1715 1881 1750 1924 e
1781 1881 2035 1943 corpore
2048 1860 2143 1941 24).
2172 1896 2259 1907 —-—
2293 1863 2408 1923 lam
2441 1862 2541 1923 illa

286 1950 612 2020 cerni'muS,
644 1956 711 2010 ut
740 1958 945 2010 contra
980 1948 1099 2008 vim
1126 1956 1185 2009 et
1216 1956 1436 2009 metum
1469 1949 1592 2009 suis
1620 1966 1684 2009 se
1715 1949 1895 2008 armis
1938 1966 2207 2027 quaeque
2237 1947 2535 2009 defendat.

285 2032 587 2097 Cornibus
617 2035 797 2102 tauri,
832 2035 960 2112 apri
991 2032 1291 2103 dentibuS,
1325 2051 1528 2094 morsu
1559 2030 1763 2096 leones
1783 2030 1887 2110 2⁵),
1922 2034 2070 2094 aliae
2102 2033 2239 2109 fuga
2272 2051 2355 2103 se,
2391 2031 2539 2093 aliae

299 2118 692 2180 occultatione
733 2125 1028 2187 tutantur,
1082 2120 1396 2180 atramenti
1429 2118 1718 2179 effusione
1758 2119 2011 2198 saepiae,
2057 2129 2300 2197 torpore
2340 2127 2539 2197 torpe-

290 2202 494 2272 dines,
538 2202 757 2265 multae
790 2205 965 2264 etiam
1006 2204 1368 2264 insectantes
1399 2203 1610 2264 odoris*
1638 2203 1998 2264 intolerabili
2030 2203 2305 2263 foeditate
2340 2200 2539 2282 depel-

289 2285 534 2367 lunt20).
564 2322 653 2334 —-
680 2287 757 2349 Ut
784 2306 925 2348 vero
955 2297 1279 2367 perpetuus
1309 2288 1516 2349 mundi
1545 2290 1703 2350 esset
1731 2295 1992 2358 ornatus,
2032 2306 2242 2367 magna
2274 2287 2536 2348 adhibita

287 2487 448 2544 diese
468 2488 626 2544 Notiz
651 2489 746 2545 des
758 2489 1086 2546 Aristoteles
1111 2506 1216 2545 uns
1242 2505 1363 2545 ver·

291 2556 451 2612 loren
484 2572 785 2626 gegangen,
820 2558 900 2613 sie
935 2573 1087 2613 muss
1121 2558 1177 2612 in
1212 2557 1364 2613 einer

286 2624 395 2680 «der
428 2623 605 2680 vielen
654 2626 1051 2693 zoologischen
1084 2624 1362 2682 Schriften

297 2693 510 2756 (ausser
540 2691 640 2748 der
674 2692 810 2749 Hist.
843 2694 1024 2758 anim.)
1059 2694 1361 2762 gestanden

285 2757 488 2816 haben.
537 2789 600 2798 -
645 2761 733 2826 21)
758 2761 865 2817 Der
886 2762 1199 2829 dreieckige
1224 2763 1363 2830 Flug

295 2826 395 2883 der
416 2825 686 2885 Kraniche
717 2829 862 2885 wird
897 2838 1083 2886 zuerst
1116 2829 1205 2884 hei
1229 2846 1360 2885 con·

286 2902 498 2951 trarem
546 2896 746 2952 Winde
787 2896 1147 2976 geschildert3
1205 2898 1363 2959 daun,

290 2978 402 3017 von
414 2964 595 3019 Basis
614 2979 701 3026 an,
726 2962 816 3018 bei
841 2964 1152 3031 gunstigem
1166 2963 1366 3019 Winde

290 3046 408 3085 ’von
442 3029 634 3085 hinten
671 3031 1076 3096 (adiuvatur);
1114 3048 1230 3086 was
1255 3048 1364 3087 von

276 3098 419 3152 edem
452 3095 723 3164 Aunegen
757 3098 857 3153 der
889 3098 1054 3155 Halse
1093 3116 1148 3154 u.
1188 3097 1366 3167 Kopse

286 3164 569 3221 ‘herichtet
602 3164 774 3228 wird,
809 3167 882 3221 ist
915 3167 1082 3223 heute
1111 3166 1194 3222 fra
1236 3166 1362 3227 licb,

276 3232 488 3301 nagog.
514 3233 664 3289 steht
689 3232 813 3295 fest,
838 3233 963 3290 dass
989 3234 1203 3290 diestar
1241 3242 1363 3289 sten

289 3301 353 3355 in
401 3300 499 3356 der
542 3299 806 3369 Fiihrung
848 3302 965 3357 sich
1009 3302 1255 3358 ablosen.
1299 3329 1370 3340 -

296 3382 509 3434 eaeque
543 3384 616 3423 sc.
645 3385 789 3438 quae
812 3368 993 3425 basim
1017 3370 1104 3426 vel
1128 3370 1364 3425 medium

286 3436 648 3503 trianyulum
678 3436 952 3506 efficiunt.
997 3465 1065 3476 --
1111 3437 1198 3502 22)
1229 3454 1364 3504 pro-

288 3502 460 3571 ferre
492 3519 732 3572 possum
765 3535 833 3545 —
874 3522 943 3561 zu
975 3505 1053 3562 St.
1086 3509 1134 3570 2,
1172 3510 1251 3562 10.
1298 3533 1366 3546 --

293 3587 477 3639 yenus
503 3574 591 3638 (=
613 3588 730 3637 res,
755 3572 918 3642 ratio)
953 3576 1139 3642 ipsum
1165 3575 1365 3631 videtis

292 3665 365 3677 ·-·
411 3639 551 3702 „das
599 3640 655 3694 in
703 3641 884 3697 dieser
929 3641 1204 3711 Richtung
1249 3642 1363 3699 hei-

275 3705 642 3773 -spielsweise
665 3708 1010 3776 Angefnhrte
1044 3726 1169 3779 mag
1193 3714 1363 3778 genii-

290 3774 997 3912 &³335’l'253313352ffi3ff22
1005 3777 1362 3914 issvseffii‘heg‘Y

298 3907 649 3977 ausgelassen
694 3918 863 3968 etwa:
924 3912 1058 3968 haec
1101 3930 1130 3968 a
1174 3911 1362 3969 bestiis

272 3993 525 4046 “quoque
557 3975 676 4034 fieri
710 3978 975 4037 videmus,
1032 3981 1362 4037 Ausserdem

296 4043 515 4101 bezieht
534 4045 651 4101 sich
671 4047 946 4104 natnrlich
967 4048 1066 4103 der
1076 4048 1362 4116 Vergleich

286 4113 397 4167 -mit
443 4113 549 4169 den
594 4115 829 4172 Aerzten
877 4115 976 4171 aul*
1005 4116 1093 4172 die
1127 4117 1361 4172 Anwen-

295 4178 448 4247 dung
492 4197 601 4238 von
656 4182 973 4251 derartigen
1016 4182 1225 4240 Mitteln
1274 4182 1362 4240 hei

296 4245 613 4314 Menschen,
647 4251 914 4308 wahrend
938 4251 1027 4308 die
1050 4259 1361 4322 genannten

1466 2490 1667 2547 Thiere
1698 2490 1778 2545 sie
1812 2507 1910 2545 aus
1942 2489 2177 2545 Instinkt
2210 2488 2535 2545 anwenden.

1467 2587 1533 2596 —
1558 2559 1645 2623 24)
1670 2559 1945 2615 barbaria
1973 2588 2031 2597 -—
2060 2576 2127 2613 zu
2154 2557 2231 2614 St.
2257 2562 2304 2621 4,
2337 2562 2390 2616 1:
2419 2557 2540 2612 hier

1465 2626 1541 2682 ist
1566 2625 1719 2682 wohl
1738 2626 2321 2682 insbeS.Mauretanien
2344 2624 2539 2691 (Nord-

1466 2693 1662 2764 asrika)
1701 2711 1768 2750 zu
1806 2695 2110 2751 verstehen.
2162 2695 2250 2748 nie
2286 2693 2427 2749 oben
2455 2709 2539 2748 er-

1466 2764 1686 2818 zahlten
1734 2760 2136 2818 wunderbaren
2184 2760 2539 2816 Selbstcuren

1467 2829 1565 2885 der
1588 2829 1828 2884 Panther
1862 2829 2054 2895 [sehon
2093 2829 2144 2885 b.
2179 2829 2354 2884 Arist.
2392 2828 2453 2883 H.
2478 2828 2538 2882 A.

1467 2901 1517 2958 9,
1544 2902 1591 2952 7.
1629 2897 1748 2950 Ael.
1773 2896 1834 2950 H.
1860 2896 1919 2950 N.
1944 2896 2090 2963 4,49]
2118 2915 2170 2951 u.
2196 2896 2400 2951 wilden
2422 2894 2538 2950 Zie-

1469 2979 1576 3031 gen
1602 2965 1847 3031 gehon-en
1872 2964 1958 3018 ins
1985 2963 2209 3018 Bereich
2236 2962 2333 3018 ‹ler
2359 2961 2535 3025 Fabel,

1469 3031 1644 3086 zumal
1682 3031 1778 3085 das
1812 3028 2194 3086 Herausfallen
2237 3029 2335 3085 der
2365 3028 2540 3086 Pseile

1468 3099 1609 3179 nach
1666 3098 1877 3154 Genuss
1935 3099 2032 3154 des
2090 3100 2411 3154 dictamnus
2470 3119 2541 3143 ==

1465 3165 1639 3222 Kraut
1673 3165 1926 3232 Dimum,
1978 3165 2073 3231 das
2109 3183 2215 3221 nur
2246 3166 2344 3221 aul*
2378 3164 2541 3221 Kreta

1468 3251 1552 3289 am
1597 3233 1772 3290 Dikte
1811 3251 1864 3289 u.
1909 3233 1996 3289 lda
2039 3237 2234 3289 wuchs
2294 3230 2538 3302 [Hoeclc,

1468 3300 1633 3357 Kreta
1662 3305 1802 3365 1,34.
1844 3298 2124 3370 Theophr.
2152 3321 2201 3359 u.
2222 3303 2373 3359 Plut.
2410 3302 2539 3358 Das·

1470 3369 1623 3426 selbe
1649 3369 1920 3426 berichtet
1955 3388 2060 3427 von
2099 3372 2361 3427 llirschen
2390 3371 2539 3426 Ptin.

1468 3454 1522 3494 n.
1548 3437 1600 3493 h.
1626 3443 1674 3502 8,
1701 3444 1790 3494 27:
1818 3440 2161 3495 dictamnum
2198 3438 2422 3493 herbam
2449 3455 2539 3492 ex·

1466 3507 1748 3563 trahendis
1761 3507 1977 3574 sagittis
1990 3507 2136 3563 cervi
2162 3513 2540 3560 monstravere

1465 3576 1720 3643 percussi
1753 3591 1820 3630 eo
1866 3575 1979 3630 telo
2016 3581 2290 3641 pastuque
2339 3571 2540 3628 herbae

1466 3643 1586 3698 eius
1613 3643 1807 3698 electo.
1842 3640 1962 3696 Alle
1985 3640 2020 3697 S
2064 3648 2248 3696 ateren
2275 3640 2452 3696 haben
2479 3658 2536 3696 es

1467 3709 1834 3765 vermuthlich
1861 3709 1983 3764 dem
2049 3708 2350 3775 heophrast
2373 3709 2538 3765 nach-

1467 3775 1867 3844 geschriebenl.
1914 3805 1977 3814 -
2022 3778 2107 3840 25)
2142 3776 2234 3832 Rei
2260 3776 2309 3831 d.
2337 3777 2537 3833 natt'irl.

1465 3843 1681 3900 Wafl'en
1714 3844 1814 3899 der
1846 3844 2042 3900 Thiere
2076 3845 2149 3900 ist
2185 3861 2254 3898 zu
2277 3846 2536 3899 erinnern

1466 3928 1535 3966 an
1574 3911 1660 3966 ein
1687 3911 2184 3968 Anakreontisches
2213 3910 2337 3993 Lied
2364 3915 2482 3989 (341
2519 3932 2536 3994 Ξ

1454 3972 1643 4040 ,Φύσις
1684 3975 1899 4044 κέρατα
1941 3975 2202 4044 ταύροις,
2247 3983 2433 4040 onias·

1467 4044 1686 4100 ἔδωκεν
1704 4047 1940 4115 ἵππους,
1960 4048 2260 4115 ποδωκίην
2272 4041 2535 4117 λαγῴοις,

1468 4107 1662 4196 250qu
1687 4109 1861 4196 zeton:
1889 4108 2175 4195 66&th
2209 4121 2333 4195 ¹3⁶²*ss
2359 4110 2535 4196 &2913—

1465 4199 1559 4235 σιν
1582 4201 1647 4236 το
1671 4201 1913 4252 mutor,
1949 4189 2071 4244 τοῖς
2103 4201 2328 4250 novenis·
2359 4200 2537 4238 πετα-

1464 4253 1611 4305 σθαι
1633 4254 1754 4306 κτλ.
1778 4280 1849 4295 --
1870 4253 1957 4318 26)
1982 4251 2110 4310 Uet».
2130 4253 2181 4312 d.
2201 4250 2535 4310 Dintenfisch
