2975 4842
2231 154 2236 159 -
2325 5 2953 319 “-·ι

378 432 481 477 cae
505 433 677 477 causa
709 415 1030 495 perferant,
1065 432 1214 494 quos
1238 412 1397 476 nulla
1422 416 1525 486 vis,
1560 415 1756 477 nullae
1779 417 1993 487 minae,
2027 414 2186 478 nulla
2209 416 2428 478 invidia
2453 415 2621 479 labe-

376 499 580 570 faciat,
624 518 772 585 quos
816 518 1012 581 neque
1055 499 1306 581 periculi
1341 507 1666 580 tempestas
1715 517 1911 581 neque
1951 501 2198 562 honoris
2249 519 2394 563 aura
2436 503 2628 580 possit

376 602 656 665 umquam
689 584 764 647 de
792 603 903 647 suo
944 602 1122 646 cursu
1152 593 1252 648 aut
1292 603 1398 666 spe
1440 592 1542 647 aut
1580 592 1742 647 metu
1786 585 2100 648 demovere
2120 582 2212 665 12).
2274 585 2396 646 Hos
2425 587 2625 647 imita·

374 671 546 740 mini,
592 670 709 750 per'
743 670 887 731 deos
926 668 1317 732 immortales!
1362 689 1465 732 vos
1507 672 1612 751 qui
1652 670 2029 750 dignitatem,
2074 672 2175 749 qui
2203 670 2466 741 laudem,
2515 672 2621 749 qui

375 752 627 832 gloriam
661 757 963 836 quaeritis.

1282 243 1740 309 -198—

912 964 919 970 ¹
958 1001 1105 1056 207.
1192 999 1454 1067 Folgen
1496 998 1620 1054 der
1661 996 2025 1055 merome.

1134 1109 1270 1178 (rep.
1305 1110 1352 1175 1,
1387 1113 1473 1175 42,
1509 1112 1596 1163 65.
1644 1112 1730 1176 44,
1766 1110 1876 1176 68.)

546 1230 609 1291 Si
638 1228 874 1309 quaudo
904 1236 1007 1291 aut
1034 1232 1164 1309 regi
1192 1230 1348 1291 iusto
1378 1230 1493 1290 vim
1525 1227 1781 1308 populus
1810 1228 2006 1291 attulit
2027 1245 2289 1307 regnove
2319 1247 2457 1292 eum
2485 1249 2628 1312 spo·
2685 1236 2690 1241 ’

374 1312 536 1376 liavit
546 1323 647 1376 aut
662 1316 855 1386 etiam,
887 1314 949 1375 id
963 1315 1119 1395 quod
1136 1315 1330 1375 evenit
1343 1316 1599 1392 saepius,
1617 1314 1988 1394 optimatium
2007 1316 2356 1392 sanguinem
2371 1317 2631 1393 gustavit

371 1417 443 1460 ac
471 1406 653 1460 totam
685 1416 813 1459 rem
846 1398 1145 1478 publicam
1176 1397 1499 1460 substravit
1529 1396 1763 1459 libidini
1794 1418 1936 1461 suae
1954 1395 1996 1475 ¹)
2031 1433 2115 1443 —
2145 1417 2285 1461 cave
2314 1406 2485 1480 putes
2516 1419 2626 1462 au-

369 1491 494 1544 tem
534 1501 701 1544 mare
739 1481 931 1544 ullum
971 1491 1071 1544 aut
1098 1482 1396 1566 flammam
1440 1500 1573 1544 esse
1613 1490 1840 1544 tautam
1885 1501 2061 1563 quam
2105 1502 2227 1546 non
2267 1484 2498 1546 facilius
2547 1485 2630 1546 sit

371 1567 583 1630 sedare
624 1585 801 1649 quam
844 1567 1188 1630 effrenatam
1225 1565 1540 1629 insolentia
1582 1566 2021 1629 multitudinem
2061 1591 2175 1629 --:
2221 1578 2343 1630 tum
2383 1569 2450 1630 fit
2498 1567 2622 1640 illag

372 1671 526 1733 quae
557 1651 710 1732 apud
741 1650 1048 1715 Platonem
1081 1659 1173 1713 est
1201 1651 1536 1714 luculenter
1567 1651 1882 1732 descripta,
1928 1672 2157 1714 summa
2189 1662 2367 1734 atque
2394 1655 2628 1715 infinita

369 1741 616 1801 licentia
643 1742 866 1800 civium
879 1735 944 1816 ²).
986 1737 1074 1799 Ex
1096 1755 1211 1817 qua
1241 1738 1427 1799 nimia
1450 1735 1706 1805 licentia,
1742 1753 1917 1814 quam
1948 1735 2032 1797 illi
2063 1738 2249 1800 solam
2280 1737 2622 1801 libertatem

372 1829 596 1900 putant,
630 1825 709 1883 ait
737 1820 837 1884 ille
866 1830 933 1884 ut
975 1839 1053 1887 ex
1076 1822 1262 1902 stirpe
1304 1820 1559 1900 quadam
1601 1822 1887 1883 exsistere
1917 1829 1976 1882 et
2027 1824 2197 1903 quasi
2225 1824 2390 1884 nasci
2416 1830 2625 1903 tyran-

371 1925 535 1969 num.
595 1907 742 1969 Nam
775 1916 843 1969 ut
870 1926 942 1968 ex
972 1908 1154 1968 nimia
1196 1908 1459 1986 potentia
1491 1906 1825 1986 principum
1866 1907 2055 1968 oritur
2093 1909 2368 1970 interitus
2398 1909 2624 1987 princi-

367 2010 542 2070 pum,
586 1993 672 2053 sio
709 1992 872 2055 huuc
911 1993 1087 2053 nimis
1115 1990 1370 2053 liberum
1409 1990 1698 2071 populum
1740 1990 1984 2053 libertas
2023 1993 2152 2072 ipsa
2203 1995 2485 2055 servitute
2516 1992 2623 2053 ad-

369 2077 508 2138 ficit.
572 2076 672 2138 Sic
715 2079 910 2138 omnia
955 2078 1165 2148 nimia,
1210 2093 1347 2137 cum
1387 2073 1480 2137 vel
1520 2077 1583 2136 in
1623 2083 1976 2156 tempestate
2018 2075 2112 2138 vel·
2147 2079 2209 2138 in
2247 2078 2406 2156 agris
2435 2077 2528 2138 vel
2556 2078 2624 2139 in

371 2161 724 2241 corporibus
752 2161 998 2222 laetiora
1038 2161 1308 2232 fuerunt,
1341 2161 1402 2221 in
1433 2162 1734 2222 contraria
1763 2161 1893 2222 fere
1924 2170 2380 2231 convertuntur3
2425 2164 2636 2223 maxi--

369 2264 585 2325 meque
614 2246 675 2323 id
704 2248 765 2307 i‘n
793 2245 978 2308 rebus
1008 2246 1260 2324 publicis
1284 2247 1478 2306 evenit
1493 2242 1557 2326 3).
1601 2244 1805 2325 Itaque
1828 2265 1900 2308 ex
1924 2247 2038 2308 hac
2060 2248 2314 2308 maxima
2345 2245 2625 2319 libertate

370 2337 658 2411 tyrannus
687 2332 948 2410 gignitur
981 2340 1039 2391 et
1068 2330 1165 2391 illa
1196 2331 1581 2392 iniustissima
1614 2338 1673 2391 et
1702 2330 2015 2393 durissima
2057 2333 2326 2392 servitus.
2387 2331 2473 2392 Ex
2502 2330 2624 2392 hoc

371 2417 527 2477 enim
560 2414 780 2495 populo
811 2415 1098 2477 indomito
1127 2414 1219 2476 vel
1249 2416 1443 2494 potius
1474 2415 1718 2475 immani
1746 2414 2028 2494 deligitur
2059 2414 2239 2496 aliqui
2267 2415 2623 2496 plerumque

370 2500 489 2561 dux
519 2508 726 2562 contra
754 2502 1055 2580 principes
1085 2500 1350 2561 adflictos
1377 2502 1497 2560 iam
1530 2506 1590 2559 et
1619 2499 1898 2578 depulsos
1927 2499 2059 2560 loco
2089 2499 2297 2571 audax,
2328 2502 2621 2580 impuruS,

370 2684 559 2749 „nicht
609 2701 678 2743 zu
727 2682 911 2739 finden
960 2684 1102 2745 sein,
1155 2683 1273 2738 sich
1316 2699 1437 2737 ver-

370 2751 649 2808 stecken“.
676 2778 743 2789 —-
770 2752 855 2820 12)
868 2751 963 2806 Ais
983 2749 1255 2821 Beispiele
1280 2750 1437 2805 solch

370 2819 781 2875 ausharrenden
851 2818 1211 2888 Vorkampfes
1281 2816 1439 2874 fuhrt

371 2886 477 2943 Cic.
502 2887 575 2942 im
600 2885 1017 2943 ausfiihrlichen
1042 2887 1208 2942 Texte
1232 2886 1338 2942 den
1356 2885 1434 2940 M.

367 2955 646 3011 Aemilius
679 2954 942 3011 Sc'aurus
990 2957 1143 3022 (geg.
1180 2953 1235 3009 C.
1273 2953 1437 3009 Grac·

370 3023 525 3087 chuS,
547 3023 636 3078 ein
648 3018 1435 3087 echterVollblutaristokrat),

370 3091 476 3147 den
503 3090 566 3156 Q.
599 3089 880 3146 Caecilius
910 3089 1178 3146 Metellus
1213 3088 1429 3155 (Numi-

368 3159 562 3214 dicus:
602 3158 679 3213 St.
707 3161 824 3222 126,
851 3162 907 3222 2;
946 3173 1070 3226 geg.
1099 3157 1204 3213 den
1229 3155 1435 3211 Tribun

370 3225 731 3289 Saturninus)
765 3225 879 3280 und
922 3226 1028 3282 den
1071 3224 1133 3292 Q.
1170 3223 1437 3280 Lutatius

373 3291 609 3347 Catulus
634 3292 734 3357 (St.
763 3296 876 3354 128,
904 3293 953 3356 1)
979 3308 1060 3348 an.
1097 3317 1167 3328 --·
1197 3291 1436 3348 honoris

369 3376 523 3415 aura
572 3388 636 3396 —
685 3359 866 3423 „leise
910 3359 1198 3422 Aussicht‚
1250 3358 1437 3415 semer

368 3426 589 3490 Wink“,·
623 3426 868 3501 Mur.17:
908 3442 1072 3495 saepe
1108 3432 1281 3482 totam
1316 3427 1436 3496 opi-

322 3515 326 3519 ·
368 3495 590 3553 nionem
662 3512 791 3552 arva
817 3501 1118 3552 commutat
1153 3512 1305 3551 aura
1338 3512 1440 3551 ru-

364 3566 578 3629 moris,-
651 3566 720 3619 iv.
745 3568 829 3626 42,
854 3568 947 3618 39:
985 3562 1094 3620 levi
1130 3580 1281 3619 aura
1312 3564 1440 3630 spei

371 3630 616 3700 obJecta;
652 3629 901 3700 haufiger
936 3631 1024 3687 die
1056 3631 1354 3698 Wendung
1386 3647 1434 3685 v.

370 3699 422 3754 d.
453 3699 756 3766 popularis
797 3717 948 3755 aura
991 3697 1138 3767 (har.
1170 3714 1316 3766 resp.
1338 3702 1432 3761 20;

370 3766 490 3822 Liv.
518 3772 566 3829 3,
594 3771 659 3819 33
684 3783 738 3822 u.
763 3764 855 3836 ὄ.).
894 3793 964 3807 —-
1004 3785 1056 3823 a.
1081 3782 1182 3835 spe
1207 3784 1259 3823 α.
1284 3772 1437 3823 metu

368 3864 438 3875 -—-
462 3832 605 3890 Abll.
629 3834 882 3890 instrum.

440 3904 490 3967 1)
514 3909 751 3970 yuslare
774 3917 938 3969 sany.
984 3931 1052 3940 —
1097 3901 1237 3958 Phil.
1262 3905 1319 3965 2,
1345 3906 1438 3957 29:

365 3976 647 4038 gustaras
695 3969 912 4024 civilem
968 3971 1306 4037 sanquinem
1352 3969 1439 4025 vel

371 4038 565 4107 potius
593 4036 974 4094 exsorbueras.
993 4037 1439 4093 —substernere

371 4133 437 4142 —-
478 4121 524 4161 c.
558 4104 674 4160 Dat.
706 4103 1156 4169 „unterbreiten,
1190 4104 1340 4174 preis
1382 4120 1438 4160 e·

375 4171 535 4234 ben“,
565 4170 720 4227 bildl.
740 4173 851 4228 wie
874 4173 928 4228 h.
955 4170 1159 4235 selten;
1198 4170 1302 4239 eig.
1365 4172 1440 4228 al.

372 4236 536 4294 Max.
560 4242 617 4301 2,
645 4244 693 4301 ’1,
722 4243 812 4293 14;
849 4239 904 4295 L.
940 4239 1143 4296 Paulus
1184 4239 1435 4295 homines

1543 2682 1863 2751 elephantis
1900 2681 2235 2740 obterendas
2281 2684 2619 2741 substravit.

1541 2778 1609 2790 —-
1630 2752 1683 2815 2)
1716 2751 1929 2807 sedare
1952 2779 2020 2790 -—
2053 2752 2163 2808 inv.
2190 2756 2240 2815 2,
2267 2755 2359 2807 51:
2396 2753 2620 2810 sedatis

1542 2817 1802 2898 fluctibus
1828 2826 1886 2874 et
1908 2825 2239 2888 tempestate
2258 2827 2619 2885 commutata,

1542 2886 1694 2942 navis
1722 2901 1793 2942 ιιι
1824 2891 2051 2955 portum
2088 2887 2438 2956 pervehitur;
2490 2904 2619 2944 zum

1544 2953 1836 3010 Gedanken
1870 2952 2151 3010 Schiller's
2188 2954 2421 3011 Glocke:
2469 2955 2619 3019 „Wo

1542 3022 1682 3078 rohe
1703 3020 1894 3078 Krafte
1917 3021 2093 3078 sinlos
2120 3021 2353 3086 walten,
2379 3022 2446 3078 da
2469 3022 2622 3079 kann

1542 3089 1660 3146 sich
1693 3088 1820 3145 kein
1856 3087 2049 3146 Gebild
2093 3090 2395 3157 gestaltem
2447 3107 2621 3147 wenn

1541 3156 1659 3212 sich
1694 3156 1783 3212 die
1816 3156 2020 3213 Volker
2054 3156 2230 3213 selbst
2262 3156 2502 3223 befrein,
2547 3158 2619 3215 da

1540 3224 1685 3281 kann
1709 3224 1799 3280 die
1814 3224 2135 3280 Wohli'ahrt
2160 3225 2315 3280 nicht
2340 3225 2618 3293 gedeihn“

1542 3308 1683 3348 usw.
1707 3320 1775 3330 -
1797 3290 1893 3347 Die
1918 3289 2091 3347 Stelle
2114 3292 2204 3349 bei
2222 3291 2441 3357 Platon.
2470 3293 2617 3349 oben

1542 3374 2133 3427 zusammengezogen,
2167 3376 2285 3430 rep.
2319 3363 2382 3423 -8,
2410 3379 2465 3429 p.
2495 3365 2619 3418 562.

1541 3456 1608 3465 -
1635 3428 1684 3492 3)
1710 3426 1833 3483 Frei
1857 3426 2141 3483 ubersetzt
2175 3444 2274 3507 gns
2308 3428 2457 3486 Plat.
2495 3446 2617 3498 rep.

1540 3497 1589 3559 8,
1612 3511 1669 3563 p.
1694 3498 1796 3548 563
1818 3494 1888 3550 E:
1938 3493 2142 3566 καὶτῷ
2169 3512 2296 3548 οντι
2328 3491 2401 3548 τᾶ
2430 3492 2620 3565 ἄγαν

1542 3581 1609 3615 τι
1642 3567 1838 3615 ποιεῖν
1874 3556 2130 3631 μεγάλην
2166 3564 2336 3630 φιλεῖ
2364 3561 2448 3624 εἰς
2481 3557 2622 3617 τοῦ-

1540 3630 1776 3684 ναντίον
1823 3625 2152 3698 μεταβολὴν
2198 3622 2614 3698 μεταδιδόναι,

1540 3691 1603 3750 ἐν
1627 3688 1802 3766 ὥραις
1836 3714 1898 3751 τε
1931 3697 2033 3751 καὶ
2067 3692 2128 3751 ἐν
2163 3703 2370 3766 φυτοῖς
2410 3698 2514 3752 καὶ
2553 3693 2622 3752 ἔν

1539 3761 1785 3832 σώμασι,
1821 3764 1923 3819 καὶ
1949 3762 2017 3819 δ’
2052 3764 2148 3818 καὶ
2189 3760 2252 3819 ἐν
2285 3767 2616 3828 πολιτείαις

1540 3826 1646 3901 οὐχ
1671 3826 1898 3900 ἥκιστα.
1950 3785 2207 3895 Εῗκότως
2257 3835 2458 3888 τοίνυν
2503 3826 2616 3888 οὐκ

1546 3894 1607 3965 ἐξ
1634 3890 1813 3969 ἄλλης
1835 3902 2132 3962 πολιτείας
2155 3900 2427 3970 τυραννὶς
2458 3904 2617 3956 καθ·-

1544 3969 1777 4021 ίσταται
1832 3960 1869 4036 ἢ
1931 3962 1994 4022 ἐκ
2054 3969 2475 4052 δημοκρατίας,
2548 3963 2618 4037 ἐξ

1543 4031 1710 4103 οἶμαι
1755 4035 1857 4104 τῆς
1902 4031 2225 4105 ἄκροτατης
2270 4032 2617 4105 ἐλευθερίας

1543 4103 1782 4157 δουλεία
1800 4105 2039 4172 πλείστη
2059 4122 2123 4158 τε
2142 4101 2242 4158 καὶ
2261 4098 2614 4174 ἀγριωτάτη.

1540 4174 2047 4240 -intempestate
2071 4200 2138 4210 -
2171 4173 2476 4238 ..Wetter“,
2503 4189 2617 4229 vox

1542 4240 1732 4304 media,
1761 4256 1829 4296 zu
1842 4238 1933 4298 St.
1957 4244 2040 4305 60,
2067 4243 2115 4294 5.
2164 4269 2231 4278 -—-
2272 4241 2520 4297 laetiora
2546 4267 2617 4280 -
