2975 4842
1291 206 1718 272 -28—

384 378 597 459 des21),
628 416 712 428 —-
746 382 850 462 qui
878 389 939 444 et
962 380 1342 444 Atheniensis
1373 388 1504 444 erat
1532 387 1591 445 et
1619 398 1854 443 summo
1875 379 2008 443 loco
2037 387 2212 443 natus
2236 397 2634 460 summmqne

382 470 473 530 vir
517 474 576 530 et
615 467 812 548 paullo
863 473 1054 529 aetate
1094 468 1391 546 posterior
1427 500 1534 537 —‚
1594 473 1830 528 tantum.
1859 475 2165 528 mortuum
2200 467 2439 545 scripsit
2479 474 2540 529 et
2565 469 2632 528 in

382 554 571 615 Attica
614 553 766 615 clam
817 553 1156 631 humatum,
1209 548 1519 631 addidit22)
1582 551 1762 612 fuisse
1803 552 2202 630 suspicionem
2248 567 2477 615 veneno
2518 552 2634 613 sibi

385 639 739 700 conscivisse
769 643 1054 700 mortem:
1096 637 1255 699 hunc
1285 638 1380 698 isti
1410 637 1576 699 aiunt
1605 654 1739 698 cum
1770 643 2007 699 taurum
2045 634 2483 704 immolavisset,
2529 654 2632 697 ex-

385 724 615 803 cepisse
647 725 996 802 sanguinem
1026 730 1229 802 patera
1242 717 1316 804 28)
1349 728 1410 784 et
1439 740 1510 784 eo
1541 728 1682 801 poto
1712 727 2013 783 mortuum
2046 721 2396 784 concidisse.
2466 720 2634 782 Hanc

386 809 541 871 enim
593 815 848 870 mortem
898 807 1201 869 rhetorice
1252 814 1310 870 et
1363 809 1587 885 tragice
1640 824 1854 869 ornare
1897 813 2262 886 potuerunt;
2323 805 2423 867 illa
2467 823 2633 867 mors

385 892 639 973 vulgaris
668 891 889 954 nullam
922 891 1248 972 praebebat
1277 893 1587 957 materiem
1619 892 1693 954 ad
1723 900 2017 954 ornatum.

1221 1086 1326 1141 28.
1412 1084 1477 1143 K
1506 1084 1533 1142 1
1560 1099 1630 1141 m
1659 1098 1699 1143 0
1728 1099 1795 1139 n.

1281 1195 1396 1263 (off.
1420 1197 1495 1262 11,
1526 1197 1604 1261 18,
1633 1194 1742 1262 64.)

482 1351 489 1361 -
555 1318 662 1380 Est
689 1315 858 1379 valde
890 1316 1177 1381 decorum
1221 1323 1426 1396 patere
1457 1315 1671 1379 domus
1700 1315 2014 1378 hominum
2043 1313 2357 1379 illustrium
2389 1316 2635 1394 hospiti·

383 1401 498 1467 bus
526 1400 897 1472 illustribus,·
923 1401 1102 1482 idque
1145 1401 1323 1463 etiam
1359 1402 1450 1462 rei
1492 1398 1767 1479 publicae
1810 1408 1900 1462 est
1940 1408 2318 1470 ornamento,
2362 1399 2639 1463 homines

386 1495 670 1549 externos
700 1486 817 1549 hoc
847 1484 1224 1548 liberalitatis
1264 1502 1486 1564 genere
1529 1486 1591 1547 in
1632 1484 1783 1547 urbe
1814 1493 2018 1548 nostra
2058 1503 2180 1547 non
2218 1483 2476 1564 egere1).
2535 1485 2640 1547 Est

386 1580 583 1639 autem
602 1573 778 1634 etiam
796 1571 1182 1633 vehementer
1196 1569 1342 1632 utile
1356 1570 1440 1632 eis
1471 1572 1573 1650 qui
1600 1568 1852 1632 honeste
1871 1588 2049 1650 posse
2073 1570 2323 1632 multum
2339 1568 2383 1649 ²)
2416 1569 2636 1641 volunt,

383 1675 496 1735 per
524 1657 793 1737 hospites
823 1657 988 1735 apud·
1024 1664 1302 1719 externos
1340 1654 1595 1734 populos
1636 1653 1833 1717 valere
1874 1655 2086 1735 opibus
2117 1663 2175 1717 et
2202 1655 2412 1734 gratia.
2445 1654 2636 1717 Theo·

385 1742 666 1819 phrastus
696 1742 935 1822 quidem
969 1740 1179 1803 scribit
1209 1741 1510 1805 Cimonem
1521 1736 1567 1819 ³)
1612 1739 1855 1803 Athenis
1899 1741 2074 1802 etiam
2117 1741 2177 1801 in
2208 1757 2352 1802 suos
2381 1737 2639 1804 curiales

387 1908 735 1967 verarbeitet.
769 1936 837 1946 --
861 1910 947 1973 21)
990 1874 1371 1976 Thucydides,
1408 1906 1460 1964 d.

1567 1906 1796 1976 freigeb.
1830 1908 2050 1964 Mannes
2087 1906 2461 1972 (liberalitas).
2495 1933 2559 1943 -
2585 1907 2639 1970 2)

385 1976 681 2033 beriihmte
720 1977 833 2031 Att.
880 1973 1462 2032 Geschichtschreiber

387 2044 438 2100 d.
485 2043 678 2113 Pelop.
733 2042 980 2111 Krieges,
1038 2047 1347 2099 471—396.
1393 2069 1462 2080 —

386 2112 534 2168 clam
565 2112 889 2167 humatum.-
926 2110 1068 2178 Nep.
1094 2112 1190 2190 Th.
1216 2115 1296 2166 10.
1324 2117 1461 2190 extr.

387 2178 576 2246 [Thuc.
623 2179 671 2241 l,
724 2182 896 2231 135-
917 2181 1041 2232 138:
1101 2195 1175 2230 τα
1213 2173 1282 2231 δὲ
1317 2176 1461 2230 οστᾶ

387 2262 531 2314 φασι
567 2245 926 2315 κομισθῆναι
973 2237 1155 2299 αὐτοῦ
1195 2240 1261 2297 οἰ
1290 2259 1461 2313 προσ·

386 2308 630 2382 ἥκοντες
666 2312 873 2367 οἴκαδε
909 2306 1291 2374 κελεύσαντος
1316 2305 1465 2365 ἐκεί-

1036 2378 1049 2394 9

386 2396 493 2435 νου
525 2381 627 2434 καὶ
665 2382 916 2448 τεθῆναι
941 2399 1048 2450 κρυ
1101 2399 1138 2433 α
1161 2379 1276 2433 τῶν
1298 2371 1397 2433 Ἀθ
1439 2406 1465 2418 ·

387 2450 569 2502 ναίων
606 2441 672 2502 ἐν
707 2399 1096 2528 τῇ.Ἀττικῇ.ῗ
1122 2448 1208 2510 22)
1244 2449 1383 2504 addi
1422 2451 1466 2504 it

385 2545 452 2554 —
480 2517 625 2572 ohne
648 2515 888 2571 Partlkel
927 2517 1278 2584 angereihter
1308 2515 1462 2571 Theil

387 2585 438 2639 d.
464 2583 622 2640 relat.
647 2583 1068 2648 Vordersatzes3
1105 2583 1157 2639 d.
1190 2583 1462 2640 demonst.

384 2650 580 2708 Nachs.
613 2650 843 2719 beginnt
893 2659 1009 2708 erst
1054 2650 1144 2707 bei
1187 2651 1358 2707 hanc.
1394 2678 1463 2689 —

389 2719 598 2787 [fuisse
622 2735 727 2776 sus
768 2722 1024 2783 inionem,
1056 2719 1232 2776 Thuc.
1262 2723 1308 2781 1,
1336 2723 1462 2774 138:

388 2780 637 2855 νοσήσας
676 2787 714 2840 ὃ
783 2787 1024 2861 τελευτᾷ
1051 2780 1154 2840 τὸν
1180 2786 1334 2866 βίον·
1373 2782 1466 2839 λέ-

387 2869 553 2922 γουσι
613 2851 683 2909 δέ
741 2872 896 2917 τινες
955 2854 1055 2909 καὶ
1137 2848 1463 2909 §novator

388 2915 677 2995 φαρμάκῳ
715 2918 1053 2977 ἀποθανεῖν
1078 2914 1278 2990 αὐτόν,
1318 2915 1465 2976 ἀδύ-

387 3008 564 3044 νατον
598 2992 925 3059 νομίσαντα
952 2987 1108 3046 εἶναι
1135 2986 1464 3045 ἐπιτελέσαι

390 3059 626 3125 βασιλεῖ
667 3050 709 3113 ἃ
750 3054 1079 3129 ὑπέσχετο]
1119 3088 1187 3097 -
1228 3061 1314 3123 23)
1358 3074 1463 3116 ex-

387 3130 609 3195 cepisse
640 3154 709 3165 —
781 3134 970 3192 atera,
1033 3170 1064 3190 ,,
1080 3144 1140 3183 er
1184 3125 1325 3182 habe
1369 3126 1465 3183 das

386 3194 515 3250 Blut
550 3194 607 3249 in
653 3210 698 3250 e.
776 3195 999 3250 chfissel
1044 3192 1303 3261 aufgefan
1377 3195 1467 3249 n“.

389 3259 639 3329 [Angebl.
680 3261 948 3317 Todesart
990 3261 1041 3317 d.
1077 3262 1173 3316 Th.
1206 3261 1262 3315 in
1339 3261 1468 3328 olge

389 3327 644 3396 getrunk.
683 3328 1053 3385 Ochsenbluts
1075 3330 1251 3385 schon
1270 3327 1323 3383 b.
1346 3328 1466 3382 Ari·

390 3396 592 3464 stoph„
620 3395 769 3453 wod.
784 3394 937 3451 Cic.’s
949 3395 1171 3463 Angriff
1188 3412 1234 3451 a.
1260 3393 1467 3451 d.Rhe·

392 3471 549 3519 toren
586 3481 630 3519 z.
664 3464 761 3520 Th.
802 3463 1080 3519 vereitelt:
1127 3463 1263 3532 Equ.
1298 3468 1364 3517 83
1401 3461 1464 3519 f.:

386 3528 688 3598 βέλτιστον
756 3527 904 3599 ἡμῖν
975 3527 1122 3598 αἷμα
1192 3529 1463 3598 ταύρειον

386 3603 566 3651 πιεῖν.
585 3594 652 3651 Ὁ
663 3595 1119 3667 Θεμιστοκλέους
1142 3592 1253 3667 γὰρ
1271 3597 1463 3652 θοίνα-

389 3683 485 3727 τος
525 3661 915 3735 αἱρετώτερος.
952 3695 1023 3704 —-
1044 3666 1212 3723 Diod.
1240 3666 1353 3723 Sic.
1380 3671 1459 3729 11,

388 3736 454 3787 58
480 3749 533 3789 u.
557 3733 708 3790 Plut.
728 3734 824 3791 Th.
849 3740 913 3787 31
943 3743 1095 3798 extr„
1122 3734 1222 3791 der
1245 3734 1387 3790 auch
1411 3751 1461 3790 v.

388 3817 435 3858 e.
461 3801 583 3858 and.
621 3801 994 3884 schnellwirk.
1031 3801 1194 3866 Gifte,
1229 3795 1460 3871 φάρμα-

388 3886 494 3922 κον
530 3863 644 3938 ἔφη
693 3887 719 3923 ε
790 3887 850 3934 ν,
895 3869 1088 3937 redet]

526 3940 576 4003 1)
600 3937 641 3992 D
665 3954 695 3994 e
766 3936 1240 3994 astfreundschaft
1273 3939 1462 4004 (φιλο-

391 4004 575 4069 gavia)
601 4005 654 4062 b.
679 4006 730 4062 d.
740 4006 904 4061 Alten
924 4023 972 4062 v.
996 4006 1464 4073 hohAEedeutung

388 4072 469 4127 als
495 4073 678 4146 heute,
705 4090 799 4130 wo
837 4073 924 4130 die
961 4073 1225 4130 Gasthofe
1259 4074 1341 4130 sie
1375 4090 1462 4128 er·

389 4146 596 4196 setzen.
654 4142 787 4197 Was
836 4143 1002 4199 heute
1047 4140 1323 4204 Geschaft‚
1367 4156 1462 4207 ge·

388 4208 552 4263 horte
577 4208 720 4264 einst
741 4225 840 4264 zur
863 4209 1062 4267 Pssicht
1095 4228 1148 4267 u.
1174 4208 1386 4264 Wfirde
1411 4207 1462 4264 d.

1564 1976 1801 2057 honeste
1829 1990 2003 2044 posse
2047 1976 2281 2057 multum
2326 1976 2422 2039 (=
2447 1973 2640 2030 valere

1565 2044 2252 2191 ssstgffgffigglzqg‘fgzffi·
2265 2041 2499 2177 5333.
2512 2042 2639 2164 {¹351

1565 2177 1701 2234 fluss
1727 2177 2026 2242 besttzen“,
2070 2195 2133 2235 so
2168 2177 2257 2234 bei
2285 2176 2453 2234 Caes.
2485 2177 2543 2233 B.
2579 2177 2640 2233 G.

1564 2245 1611 2309 I,
1656 2250 1747 2299 18:
1782 2264 1812 2302 a
1854 2245 1929 2302 ud
1953 2245 2088 2302 finit.
2115 2245 2362 2302 civitates
2400 2245 2654 2312 larqiter.

1566 2328 1766 2382 possm
1797 2315 1808 2326 '
1853 2356 1866 2370 .
1891 2314 2032 2377 1‚31:
2052 2312 2444 2381 plurimumin
2468 2312 2643 2369 Gallia

1564 2397 1738 2449 posse
1755 2380 1828 2439 ib.
1852 2381 1935 2445 Vl,
1961 2387 2054 2437 30:
2079 2381 2315 2437 multum
2336 2381 2392 2435 in
2418 2397 2480 2436 re
2498 2380 2642 2436 mili·

1567 2450 1673 2505 tari
1732 2455 1926 2518 potest
1998 2448 2241 2506 fortuna.
2315 2476 2384 2488 —·
2448 2452 2644 2516 qratia

1567 2518 1834 2581 „Gunst“,
1871 2518 1927 2573 in
1965 2518 2134 2588 dopp.
2169 2517 2362 2597 Sinne,
2412 2515 2541 2586 diej.
2584 2517 2650 2573 in-

1567 2585 1667 2641 der
1689 2602 1814 2642 man
1840 2586 2007 2649 steht,
2032 2584 2145 2640 und
2170 2584 2259 2641 dle
2281 2600 2407 2640 man
2418 2583 2646 2640 Andern

1568 2653 1820 2717 erweist;
1846 2655 1899 2709 h.
1910 2653 1947 2710 l.
1959 2660 2197 2708 erstem-z
2213 2651 2612 2716 „Beliebtheit“
2626 2660 2650 2713 ς·

1572 2719 1684 2777 Cic.
1708 2719 1871 2777 Rosc.
1895 2721 2013 2777 Am.
2046 2725 2094 2784 6,
2124 2723 2214 2774 15:
2247 2722 2441 2788 qratia
2474 2728 2646 2789 atque

1567 2788 1830 2856 hospitiis
1863 2788 2069 2845 florens
2105 2786 2388 2843 hominum
2424 2787 2552 2844 nob.
2587 2803 2646 2843 u.

1570 2859 1621 2912 ὃ.
1644 2883 1711 2896 ·--
1747 2855 2106 2912 Gastlichkeit
2138 2854 2191 2912 d.
2225 2856 2509 2912 vornehm.
2533 2853 2646 2911 Ro-

1568 2941 1687 2981 mer
1710 2940 1778 2979 zu
1841 2923 1958 2980 olit.
1977 2922 2203 2986 Zweck;
2226 2921 2642 2980 einssussreiche

1569 2990 1773 3049 Verbin
1812 3006 1887 3059 gn
1930 2991 2032 3047 mit
2062 2989 2443 3046 Provinzialen
2470 2988 2641 3046 wirk·

1568 3067 1663 3117 ten
1695 3060 1753 3114 in
1785 3058 1847 3115 R.
1882 3058 1980 3115 auf
2007 3059 2264 3114 Ansehen
2297 3074 2350 3114 u.
2386 3058 2643 3125 Stellung

1572 3127 1797 3184 zurfick.
1820 3114 1889 3164 -L
1912 3129 1963 3191 3)
1989 3125 2119 3182 Ueb.
2136 3125 2568 3192 Theophrastus
2592 3143 2641 3182 v.

1568 3194 1795 3258 Lesbos,
1822 3193 2057 3249 Schfiler
2073 3211 2129 3249 u.
2148 3191 2337 3250 Nachf.
2362 3193 2642 3250 d.Aristo··

1570 3262 1728 3325 teles,
1754 3260 1862 3330 vgl.
1888 3260 1967 3317 St.
1993 3266 2057 3315 67
2083 3259 2122 3317 f.
2145 3288 2215 3298 —
2234 3260 2466 3326 Kimon,
2488 3261 2643 3317 Sohn

1572 3331 1622 3386 d.
1647 3328 1932 3410 Miltiades,
1932 3328 2083 3452 1feb.
2107 3344 2201 3384 um
2226 3332 2342 3392 515,
2379 3337 2518 3397 gest.
2539 3344 2643 3385 vor

1568 3396 1755 3454 Kition
1798 3396 1898 3452 auf
2021 3412 2154 3477 pros
2195 3400 2315 3453 449.
2360 3396 2544 3453 Leben
2588 3395 2642 3452 b.

1569 3465 1719 3532 Nep.
1797 3414 2204 3544 Freigebtgkeit
2255 3462 2644 3544 iiber-trieben)

1802 3531 1886 3588 uit
1918 3540 2071 3589 tanta
2116 3531 2471 3593 llberahtate‚
2515 3547 2642 3587 cum

1567 3617 1689 3656 com
1730 3599 1948 3657 Iuribus
1986 3600 2123 3659 locis
2160 3599 2382 3679 praedia
2414 3599 2646 3677 hortos·

1565 3667 2644 3814 ssssiessbiffiffleiitmfflffins3533}ss

1565 3803 1718 3860 Plut.
1745 3819 1790 3858 c.
1805 3807 1885 3858 10.
1932 3803 2185 3859 servandi
2208 3811 2401 3871 grana,
2421 3818 2493 3857 ne
2554 3815 2642 3857 ms

1566 3872 1641 3927 im
1682 3871 1929 3927 ediretur
1971 3872 2269 3940 quominus
2318 3870 2436 3926 eius
2470 3886 2534 3925 re
2574 3885 2642 3924 us

1607 3956 1645 3995 u
1665 3937 1769 3994 bus
1817 3938 2059 4018 quisque
2117 3939 2287 3995 vellet
2340 3937 2641 3994 frueretur.

1566 3955 1733 4129 {bach
1757 4005 1902 4062 Plut.
1929 4006 2059 4062 Cim.
2085 4023 2132 4063 c.
2158 4010 2223 4060 10
2245 4025 2300 4064 u.
2318 4006 2515 4062 Pericl.
2541 4021 2587 4061 c.
2609 4008 2641 4056 9

1567 3549 1613 3589 c.
1657 3537 1714 3586 4:

1590 4074 1700 4130 iess
1750 4091 1810 4129 er
1857 4073 1908 4130 d.
1951 4074 2133 4131 Zaune
2182 4092 2225 4131 S.
2270 4074 2442 4130 Gfiter
2488 4087 2642 4194 wef-

1568 4141 1804 4197 nehmen
1839 4158 1893 4197 u.
1930 4142 2066 4197 hielt
2102 4143 2237 4209 tagl.
2273 4140 2418 4198 offne
2452 4139 2582 4196 Tafe
2608 4137 2642 4205 .]

1567 4236 1633 4246 —-
1646 4209 1901 4265 curiales
1913 4209 2353 4265 Laciadas—K.
2364 4226 2499 4265 war.
2520 4225 2566 4264 a.
2589 4208 2640 4263 d.
