2975 4842
1312 212 1739 277 ...13—

405 384 649 447 Illarum
679 392 877 447 autem
911 386 1170 466 quinque
1202 391 1261 446 et
1291 376 1613 463 nonaginta
1644 386 2046 446 centuriarum
2072 387 2132 445 in
2153 402 2268 446 una
2295 387 2562 446 centuria
2577 383 2649 465 21)

406 478 533 532 tum
563 471 804 550 quidem
837 469 1042 549 plures
1071 469 1472 532 censebantur
1505 486 1681 548 quam
1725 486 1915 548 paene
1946 472 2008 529 in
2051 471 2243 549 prima
2279 469 2467 532 classe
2508 477 2649 533 tota.

403 555 489 616 Ita
520 572 634 616 nec
663 553 1093 633 prohibebatur
1123 556 1433 634 quisquam
1462 556 1595 615 iure
1623 553 1888 633 suffragii
1921 551 2067 629 et22)
2095 557 2149 616 is
2179 553 2406 617 valebat
2433 556 2495 615 in
2527 555 2649 616 suf-

406 641 597 718 fragio
648 639 974 720 plurimum
1018 642 1191 701 cuius
1237 639 1563 719 plurimum
1606 641 1894 700 intererat
1935 657 2067 700 esse
2118 642 2181 700 in
2230 640 2460 718 optimo
2497 647 2653 703 statu

407 726 724 787 civitatem.
757 759 844 772 ·-—
872 724 1032 785 Vidit
1060 727 1240 805 igitur
1273 725 1516 787 Servius
1537 722 1797 793 Tullius,
1831 731 1985 785 statu
2018 742 2148 787 esse
2178 727 2403 804 optimo
2435 727 2654 789 consti-

405 816 592 871 tutam
620 828 752 873 rem
781 808 1083 888 publicam
1114 827 1266 889 quae
1298 826 1370 870 ex
1403 808 1595 869 trihus
1623 807 1947 886 generibus
1976 808 2122 878 11113,
2166 808 2355 886 regali
2399 816 2461 871 et
2503 812 2653 888 opti-
2750 851 2758 857 -

406 895 550 956 mati
581 902 640 955 et
669 893 941 974 populari
954 891 1050 973 ²³),
1084 896 1332 956 confusa
1362 893 1597 956 modice
1627 895 1705 954 sit
1733 911 1847 954 1133
1877 894 2181 973 puniendo
2204 896 2404 957 irritet
2420 892 2493 971 24)
2526 895 2652 955 3111-

409 996 570 1041 mum
601 979 921 1043 immanem
951 998 1021 1041 ac
1051 978 1267 1041 ferum.

1024 1173 1128 1226 99.
1215 1168 1635 1237 Tarquinius
1680 1169 2052 1239 superbus.

1261 1281 1404 1348 (rep.
1431 1282 1510 1346 11,
1538 1284 1623 1347 24,
1648 1284 1715 1333 45
1741 1281 1805 1348 f.)

575 1400 758 1464 Alteri
796 1401 1141 1476 Tarquinia
1172 1399 1260 1461 illi
1286 1402 1508 1462 iniusto
1538 1400 1780 1462 domino
1809 1408 1985 1481 atque
2016 1399 2255 1469 acerbo.
2288 1399 2653 1479 aliquamdiu

406 1489 472 1547 in
501 1484 684 1547 rebus
713 1486 990 1564 gerendis
1017 1503 1310 1565 prospere
1356 1485 1592 1547 fortuna
1623 1487 1900 1546 comitata
1942 1493 2031 1546 est
2046 1483 2109 1567 1).
2179 1486 2331 1546 Nam
2375 1496 2435 1547 et
2478 1504 2657 1548 omne

406 1572 636 1634 Latium
666 1569 827 1632 bello
859 1570 1075 1632 devicit
1103 1576 1163 1630 et
1190 1570 1468 1631 Suessam
1499 1570 1823 1632 Pometiam
1838 1568 1882 1650 2)
1929 1570 2138 1632 urbem
2183 1569 2527 1649 opulentam
2560 1590 2655 1633 re·

406 1657 742 1734 fertamque
785 1657 972 1733 cepit,
1019 1662 1078 1716 et
1118 1657 1377 1721 maxima
1417 1657 1548 1717 auri
1587 1656 1936 1735 argentique
1986 1654 2208 1736 praeda
2259 1653 2658 1735 locupletatus

408 1749 609 1804 votum
640 1742 823 1819 patris
856 1743 1138 1818 Capitolii
1164 1740 1571 1801 aedificatione
1609 1739 1894 1820 persolvit
1907 1736 1951 1817 ³)
1997 1748 2056 1800 et
2085 1738 2348 1801 colonias
2391 1740 2656 1811 deduxit,

412 1834 470 1888 et
498 1825 777 1887 institutis
808 1842 1018 1886 eorum
1030 1822 1076 1902 4)
1109 1842 1142 1884 3
1175 1824 1390 1904 quibus
1422 1833 1588 1887 ortus
1619 1833 1747 1887 erat
1777 1825 1932 1886 dona
1963 1825 2274 1902 magnifica
2308 1828 2475 1905 quasi
2504 1825 2657 1886 liba·

412 1918 612 1975 menta
643 1910 1005 1990 praedarum
1036 1910 1296 1990 Delphos
1326 1910 1400 1972 ad
1429 1908 1763 1990 Apollinem
1794 1911 1970 1971 misit.
2002 1942 2090 1954 --
2118 1908 2238 1971 Sed
2267 1927 2377 1972 rex
2405 1909 2536 1980 ille,
2583 1910 2660 1971 de

1656 2109 1706 2175 1)
1728 2124 2012 2177 prospere
2033 2110 2081 2178 f.
2103 2127 2241 2166 eom.
2260 2125 2309 2167 e.
2328 2111 2503 2177 (nicht
2519 2128 2660 2177 pro-

408 2112 871 2178 „Naehwuchs“;
912 2112 1224 2178 prouenies
1265 2111 1482 2175 „Nach-
2454 2172 2458 2178 ,

1587 2179 1813 2246 sper-ah
1838 2177 1974 2240 „das
1990 2178 2257 2235 Geschick
2281 2177 2516 2246 gesellte
2539 2179 2660 2235 sich

409 2178 900 2236 kommenschaft“.
949 2207 1014 2216 -
1062 2179 1148 2244 21)
1194 2179 1297 2242 „ln
1331 2179 1484 2235 einer

289 2601 293 2605 ’
411 2586 532 2654 [Das
569 2601 655 2641 ma

410 2245 1137 2382 1333331333333
1144 2245 1485 2371 933111·

1169 2344 1232 2351 —-
1301 2334 1319 2370 z
1469 2357 1481 2369 .

409 2383 543 2440 Hal.
567 2333 633 2446 4¹?
646 2386 709 2434 18
735 2381 889 2450 giebt
913 2398 996 2445 311,
1024 2381 1112 2437 (113
1137 2381 1306 2439 letzte
1331 2333 1482 2439 (1331111.

410 2449 766 2517 (Proletarier
815 2449 956 2505 habe
979 2466 1044 2505 so
1066 2449 1172 2504 viel
1190 2449 1369 2520 Kopfe
1387 2466 1482 2518 ge-

410 2517 560 2574 331111
594 2517 675 2572 313
718 2517 827 2573 ale
866 2516 990 2574 libr.
1025 2516 1320 2575 Centurien
1352 2534 1483 2599 ,zus.

410 2584 947 2732 iibertrieffienzslctzliliffl
978 2583 1485 2734 {edznglgtgnedtgile

412 2720 544 2778 Zahl
569 2721 668 2776 der
689 2719 1267 2788 Stmmberechugten
1289 2737 1346 2775 111
1366 2738 1485 2776 um-

452 2789 734 2847 ekehrtem
767 2788 1111 2844 Verhaltniss
1147 2805 1247 2845 zur
1283 2788 1487 2845 Grosse

410 2805 507 2914 533
557 2857 1171 2924 Vermogensansatzes:
1220 2856 1423 2914 Schwe
1462 2889 1487 2898 -

410 2927 500 3008 leg·
523 2930 570 2989 1,
594 2923 853 2992 74814-
877 2922 965 3005 22)
992 2931 1256 2991 nee-et,
1274 2925 1429 2994 griec
1470 2968 1484 2981 .

413 3011 547 3048 ουτε
570 3021 638 3033 ——
662 3011 744 3059 τε,
772 2991 915 3048 freil.
941 3009 1015 3048 lm
1039 2992 1153 3048 Lat.
1174 2994 1385 3051 seltner
1403 2992 1483 3048 als

409 3063 486 3116 im
523 3060 738 3117 Griech.
772 3090 840 3099 —
876 3059 983 3116 Cic.
1019 3061 1167 3117 zieht
1201 3061 1485 3121 nochmals

412 3130 508 3186 das
545 3128 1136 3195 Gesammtergebniss,
1172 3128 1268 3184 das
1303 3146 1364 3185 er
1386 3129 1488 3184 mit

412 3198 595 3252 seiner
640 3194 1131 3253 aristokratischen
1163 3194 1397 3252 Ansicht
1429 3197 1486 3250 111

409 3263 608 3320 besten
631 3261 899 3330 Einklang
923 3262 1127 3330 hringt.
1150 3290 1219 3303 --
1241 3263 1329 3328 23)
1353 3262 1488 3320 Ε1113

409 3333 513 3386 Art
536 3329 884 3397 v.Mischung
904 3347 957 3385 u.
978 3330 1486 3387 constitutioneller

412 3397 685 3465 Theilung
704 3397 801 3453 der
815 3397 993 3453 Staats
1036 3398 1203 3455 ewalt
1212 3406 1378 3454 unter
1397 3398 1485 3455 die

412 3466 532 3523 drei
546 3463 983 3522 Grundi'ormen:
1062 3466 1339 3531 onarchie,
1362 3466 1486 3522 Ari·

413 3534 682 3591 stokratie
714 3549 769 3589 u.
792 3531 1139 3590 Demokratie
1168 3533 1285 3602 galt
1308 3534 1484 3590 sehon

413 3603 520 3658 den
551 3602 714 3657 Alten
762 3600 843 3656 als
888 3601 1111 3658 Summe
1154 3602 1485 3671 politischer

412 3669 708 3731 Weisheit;
731 3670 788 3723 in
800 3669 934 3725 dies.
948 3668 1115 3726 Sinne
1125 3670 1281 3726 ward
1291 3687 1485 3727 ausser

413 3738 512 3795 der
529 3736 858 3793 Romischen
876 3739 1018 3794 auch
1038 3738 1127 3794 die
1144 3737 1485 3794 Lakonische

410 3805 751 3872 versassung
761 3806 1069 3873 gepriesen,
1090 3806 1199 3874 vgl.
1212 3805 1291 3863 St.
1304 3809 1423 3869 210,
1437 3810 1485 3862 1.

409 3902 480 3915 —-—
513 3875 600 3938 24)
638 3888 746 3928 nec
771 3889 912 3940 pun.
948 3875 1053 3929 irr.
1101 3875 1292 3938 „ohne
1327 3873 1484 3930 dabei

412 3941 589 3999 durch
615 3940 1030 4020 (allzustrenge)
1052 3940 1270 3998 Strafen
1290 3958 1358 3997 zu
1378 3941 1485 3997 rei-

412 4013 568 4073 zen“‚
592 4008 748 4066 wohl
772 4024 847 4063 un
872 4007 1125 4064 Hinblick
1150 4009 1249 4064 auf
1267 4008 1486 4066 Drakon

414 4077 515 4142 (St.
549 4081 643 4141 91,
670 4078 723 4143 2)
758 4093 813 4132 u.
842 4078 903 4133 A.
975 4077 1100 4145 [Der
1132 4076 1486 4133 luckenhafte

413 4144 550 4200 Text
583 4144 758 4200 lautet
802 4152 976 4201 etwas
1019 4144 1216 4200 anders
1252 4162 1306 4199 u.
1346 4142 1488 4198 lasst

415 4212 505 4268 ein
531 4213 756 4267 zweites
781 4227 889 4268 nee
913 4209 1224 4278 erwarten.]

1586 2246 1699 2301 ihm
1724 2246 1782 2300 in
1806 2245 2184 2307 freundlicher
2203 2246 2392 2303 Weise
2406 2249 2462 2311 “;
2490 2249 2661 2303 comi·

1588 2315 1710 2370 tari
1727 2330 1776 2369 3.
1799 2313 1917 2370 Dat.
1941 2315 2083 2370 auch
2107 2316 2266 2370 Tusc.
2292 2318 2341 2377 5,
2365 2319 2457 2369 24:
2485 2315 2659 2371 tardis

1586 2381 1823 2449 ingeniis
1859 2382 2038 2439 virtus
2075 2398 2189 2438 non
2231 2381 2395 2438 facile
2425 2386 2659 2439 comita—

1585 2455 1684 2506 tur
1692 2470 1715 2513 ,·
1737 2467 1792 2506 u.
1818 2450 1896 2507 St.
1907 2454 1973 2503 63
1992 2467 2093 2507 vor
2110 2452 2171 2505 A.
2183 2454 2232 2506 8.
2253 2479 2321 2488 —
2344 2453 2398 2516 2)
2422 2451 2662 2507 Beachte

1589 2517 1678 2574 die
1703 2517 2009 2574 vielfachen
2032 2524 2105 2583 et,
2131 2518 2360 2583 welche,
2386 2519 2497 2575 wie
2520 2519 2662 2579 auch

1589 2593 1776 2650 sonst,
1824 2586 1913 2642 die
1959 2584 2277 2643 Schreibart
2322 2587 2404 2643 als
2450 2586 2572 2643 lose
2608 2603 2661 2642 u.

1589 2652 1903 2721 nachlassig
1915 2652 2191 2710 erkennen
2203 2654 2402 2711 lassen.
2413 2683 2477 2692 —
2490 2653 2661 2710 Sues·

1590 2737 1661 2777 sa
1690 2720 1948 2777 Pometia
1978 2749 2046 2759 —
2090 2720 2248 2778 Stadt
2280 2722 2379 2778 der
2412 2721 2661 2785 Volsker,

1591 2804 1742 2845 unw.
1789 2788 1839 2844 d.
1873 2793 2013 2857 spat.
2039 2791 2134 2845 via
2160 2790 2379 2858 Appia,·
2412 2791 2552 2846 auch
2588 2789 2662 2844 im

1587 2856 1636 2912 J.
1658 2859 1761 2909 495
1785 2871 2114 2924 genommen
2137 2874 2192 2914 u.
2226 2859 2507 2915 verheert:
2542 2857 2662 2913 Liv.

1589 2929 1638 2988 2,
1664 2928 1747 2981 25.
1794 2953 1863 2962 —-
1909 2925 1962 2990 3)
2000 2931 2188 2981 votum
2212 2954 2276 2964 —
2294 2927 2574 2994 persolvit
2593 2953 2661 2964 ·-

1591 2991 1680 3048 die
1704 2992 2056 3061 Vollendung
2081 2993 2177 3050 des
2198 2993 2663 3063 Capitolinisehen

1590 3060 1843 3130 Tempels
1877 3060 2016 3129 (vgl.
2052 3060 2133 3118 St.
2166 3066 2259 3125 96,
2292 3064 2384 3126 17)
2422 3063 2664 3134 geschah

1590 3127 1766 3185 durch
1796 3128 2198 3185 Frohndienste
2245 3130 2340 3186 des
2376 3130 2664 3198 gemeinen

1589 3196 1821 3260 Volkes,
1868 3196 1981 3252 Cic.
2015 3197 2167 3252 Verr.
2203 3200 2259 3261 5,
2297 3202 2389 3252 19:
2441 3197 2663 3265 Capito-

1588 3264 1753 3331 lium,
1796 3265 1941 3320 sicut
1983 3264 2130 3333 apud
2164 3265 2400 3321 maiores
2435 3273 2661 3322 nostros

1589 3331 1794 3388 factum
1822 3339 1932 3395 est,
1958 3331 2209 3400 publice,
2237 3334 2429 3401 gratis,
2456 3334 2662 3390 coactis

1589 3399 1757 3456 fabris
1787 3399 1969 3467 operis
2015 3416 2086 3473 ue
2108 3401 2391 3471 imperatis
2413 3399 2664 3457 exaedifi-

1589 3475 1771 3522 catum
1808 3474 1907 3522 est.
2023 3484 2081 3523 as
2118 3468 2358 3537 Capitol,
2396 3468 2484 3525 bei
2519 3469 2664 3524 (1333.

1587 3535 1700 3593 Bau
1726 3535 1844 3590 sich
1869 3533 2082 3591 allerlei
2106 3537 2475 3593 wunderhare
2491 3536 2665 3602 Dinge

1587 3600 1765 3670 begah
1914 3601 2031 3670 galt
2063 3603 2144 3659 als
2180 3602 2517 3674 Unterpfaud
2564 3600 2664 3659 der

1541 3692 1546 3696 ⁴
1587 3670 1741 3727 Rom.
1765 3618 2249 3727 &eltherrschait
2286 3702 2351 3710 -—-
2384 3674 2438 3737 4)
2464 3687 2664 3728 eorum

1590 3757 1625 3794 a
1650 3739 1852 3805 quibus
1888 3755 1937 3794 o.
1968 3754 2015 3794 e.
2050 3755 2129 3795 sc.
2165 3740 2527 3803 Graecorum,
2564 3739 2666 3794 mit

1583 3807 1769 3874 Bezug
1778 3806 1876 3863 auf
1884 3806 1971 3862 die
1981 3806 2373 3865 Kerinthische
2385 3806 2660 3863 Herkunft

1589 3874 1689 3930 der
1721 3874 2070 3944 Tarquinier,
2106 3874 2185 3931 St.
2222 3880 2311 3939 96,
2341 3880 2389 3932 1.
2423 3904 2491 3914 —
2525 3876 2664 3930 liba—

1588 3948 1779 3998 menta
1809 3940 1887 4010 (v,
1913 3943 2024 4002 libo
2041 3972 2108 3980 —-
2134 3943 2304 4013 λείβω
2325 3966 2397 3990 =
2419 3940 2664 4005 σπένδω,

1594 4005 1755 4078 λοιβή
1789 4034 1859 4058 ---
1891 4007 2147 4079 σπονδή)
2183 4010 2663 4081 .,Ορῐ313ρ31111311,

1590 4078 1986 4146 Weiheguss“;
2034 4095 2084 4134 v.
2122 4077 2173 4134 d.
2206 4079 2439 4135 Auslese
2481 4095 2577 4134 aus
2613 4077 2663 4133 d.
2733 4090 2737 4095 ·

1588 4146 1762 4202 Beute
1793 4146 1904 4202 wie
1937 4146 2058 4202 hier
2082 4145 2361 4203 brauchen
2396 4147 2485 4204 die
2511 4146 2666 4202 Grie·

1593 4213 1730 4269 chen
1757 4208 2097 4279 ἀκροθίνια.
2119 4240 2188 4251 —-
2206 4214 2567 4280 praedarum
2589 4212 2668 4283 pl·
