2975 4842
204 2712 211 2717 ,
286 2654 505 2718 pietas,
539 2668 683 2720 quae
706 2656 1017 2716 sanctitas,
1051 2670 1196 2722 quae
1229 2653 1365 2717 reli-

1213 281 1724 348 -163-

779 509 919 575 186.
1008 511 1243 585 Gegen
1286 511 1421 581 den
1463 511 2095 585 Wunderglauben.

1129 623 1211 689 (ιι,
1249 622 1419 681 divin.
1457 623 1535 688 11,
1572 625 1639 691 26
1657 619 1743 690 ff.)
2115 611 2119 614 ‘

483 740 837 803 Coniectura
880 742 1100 811 omniS‚
1147 741 1206 801 in
1239 759 1351 819 qua
1380 741 1587 805 nititur
1617 741 1927 812 divinatio,
1961 744 2214 821 ingeniis
2241 744 2555 809 hominum

309 827 373 885 in
403 823 620 893 multas
652 843 720 886 ac
751 824 1013 887 diversas
1043 832 1146 886 aut
1173 825 1351 886 etiam
1382 828 1708 901 contrarias
1737 834 1939 905 partes
1962 846 2141 908 saepe
2171 829 2472 892 diducitur
2490 829 2551 910 1).

311 909 388 971 Ut
418 910 578 972 enim
618 911 678 970 in
700 910 904 972 causis
932 908 1309 971 iudicialibus
1351 908 1465 971 alia
1509 913 1850 974 coniectura
1895 916 2409 985 estacousatoris,
2442 915 2555 978 alia

311 993 675 1065 defensoriS,
709 1001 768 1055 et
799 999 992 1056 tamen
1029 995 1335 1074 utriusque
1367 994 1698 1058 credibilis:
1742 997 1827 1057 sic
1862 997 1930 1057 in
1951 997 2231 1065 omnihus
2261 1000 2345 1060 eis
2375 999 2557 1062 rebus

310 1087 463 1161 quae
523 1080 863 1143 coniectura
923 1080 1259 1156 investigari
1315 1079 1592 1142 videntur
1650 1098 1868 1161 anceps
1925 1084 2223 1160 reperitur
2282 1086 2468 1146 oratio
2484 1082 2553 1167 ²).

309 1161 466 1233 Quas
497 1171 692 1225 autem
722 1182 820 1225 res
852 1172 974 1224 tum
1007 1172 1217 1226 natura
1240 1172 1364 1226 tum
1389 1182 1561 1226 casus
1584 1164 1779 1228 adfert
1798 1201 1881 1210 —
1904 1182 2349 1246 nonnumquam
2376 1172 2553 1232 etiam

309 1266 579 1309 errorem
613 1255 776 1313 creat
805 1247 1126 1310 similitudo
1159 1283 1259 1320 -,
1294 1267 1510 1329 magna
1540 1249 1784 1315 stultitia
1818 1258 1907 1312 est
1937 1270 2142 1312 earum
2172 1270 2376 1315 rerum
2407 1254 2553 1316 deos

305 1331 505 1394 facere
520 1333 849 1404 effectores,
862 1351 1085 1397 *causas
1106 1352 1309 1397 rerum
1341 1352 1461 1395 non
1483 1352 1773 1414 quaerere
1788 1332 1938 1415 3).—·
1956 1336 2318 1415 Sanguinem
2332 1337 2554 1416 pluisse

304 1420 538 1480 senatui
577 1419 921 1481 nunciatum
963 1425 1078 1489 est,
1132 1421 1404 1493 Atratum
1448 1421 1623 1480 etiam
1667 1419 1910 1485 fluvium
1953 1420 2195 1482 fluxisse
2244 1425 2551 1500 sanguine,

307 1501 557 1563 deorum
599 1504 843 1564 sudasse
873 1503 1190 1566 simulacra
1206 1502 1274 1585 4).
1335 1503 1488 1566 Num
1536 1522 1744 1566 censes
1785 1504 1879 1566 his
1908 1507 2142 1567 nunciis
2172 1506 2417 1571 Thalem
2451 1517 2554 1570 aut

303 1588 710 1669 Anaxagoram
756 1595 857 1649 aut
897 1607 1252 1668 quemquam
1298 1589 1609 1668 physicum
1668 1588 2035 1651 crediturum
2083 1589 2362 1669 fuisse⁵)?
2427 1593 2552 1654 Nec

305 1672 463 1733 enim
495 1689 598 1733 san
643 1674 736 1734 uis
766 1690 878 1733 nec
907 1673 1093 1734 sudor
1123 1674 1236 1734 nisi
1267 1691 1299 1733 e
1324 1690 1579 1752 corpore
1606 1676 1713 1735 est.
1761 1674 1875 1735 Sed
1903 1682 1962 1736 et
1985 1675 2345 1736 decoloratio
2368 1694 2550 1753 quae-

305 1756 440 1817 dam
471 1775 543 1817 ex
572 1690 763 1838 aliqua
798 1759 1150 1836 contagione
1193 1764 1431 1818 terrena
1472 1760 1731 1819 maxime
1772 1766 1968 1837 potest
2008 1761 2312 1838 sanguinis
2340 1762 2551 1825 similis

303 1857 433 1901 esse
475 1848 534 1901 et
572 1840 789 1902 humor
821 1839 1094 1921 adlapsus
1125 1843 1521 1912 extrinsecuS,
1553 1849 1620 1903 ut
1646 1843 1708 1901 in
1740 1844 2003 1904 tectoriis
2030 1843 2296 1904 videmus
2326 1852 2548 1917 austro,

302 1924 581 1986 sudorem
617 1926 845 1986 videtur
874 1928 1097 1987 imitari
1111 1925 1176 2007 ⁶).
1234 1927 1425 2006 Atque
1455 1927 1604 1988 haec
1632 1929 1697 1987 in
1726 1926 1882 1988 bello
1911 1926 2084 2005 plura
2119 1937 2179 1989 et
2206 1930 2432 1990 maiora
2466 1932 2549 1990 vi-

301 2009 517 2073 dentur
546 2010 906 2082 timentibus
941 2011 1147 2073 eadem
1179 2029 1299 2072 non
1327 2018 1450 2072 tam
1480 2011 2030 2073 animadvertuntur
2059 2014 2119 2073 in
2148 2031 2298 2092 pace
2310 2010 2375 2090 ⁷).
2435 2016 2548 2075 Ac-

301 2095 460 2161 oedit
498 2093 642 2159 illud
685 2096 860 2161 etiam
905 2096 1064 2174 quod
1107 2096 1169 2156 in
1201 2105 1364 2161 metu
1395 2102 1455 2157 et
1496 2095 1766 2175 periculo
1785 2115 1929 2159 ‚cum
1961 2097 2290 2159 creduntur
2319 2097 2552 2163 facilius

298 2186 428 2241 tum
470 2179 776 2258 finguntur
818 2181 1135 2260 impunius.
1196 2181 1317 2242 Nos
1355 2182 1437 2241 ita
1477 2179 1636 2241 leves
1666 2187 1843 2259 atque
1871 2182 2293 2259 inconsiderati
2325 2185 2548 2245 erimus

298 2270 394 2334 ut,
429 2265 478 2324 si
508 2282 707 2326 mures
739 2261 1119 2327 corroserint
1134 2263 1375 2346 aliquid,
1410 2283 1666 2346 quorum
1699 2274 1790 2327 est
1818 2283 1967 2345 opus
1997 2265 2113 2328 boc
2141 2284 2344 2338 unum,
2376 2286 2547 2329 mon·

296 2464 406 2504 nen
453 2447 820 2517 Ableitungen
868 2449 990 2507 siud
1037 2449 1256 2518 richtig.
1302 2477 1372 2487 —-
1474 2466 1600 2505 vom
1627 2448 1826 2505 Winde
1859 2447 2109 2507 entl'fihrt
2139 2451 2242 2509 mit
2274 2452 2323 2507 d.
2358 2452 2546 2521 Regen

294 2515 429 2572 Zum
463 2532 672 2583 ganzen
695 2516 989 2573 Abschnitt
1021 2517 1130 2585 vgl.
1161 2534 1215 2573 n.
1242 2516 1293 2573 d.
1322 2521 1367 2581 1,
1472 2515 1862 2582 niederfallen,
1901 2515 1985 2574 oft
2003 2519 2150 2585 'auch
2174 2519 2349 2581 sehon
2374 2537 2546 2577 zuvor

295 2588 355 2638 2:
403 2586 552 2649 (sine
585 2585 696 2649 dis)
730 2613 799 2623 -—-
830 2601 974 2653 quae
1011 2592 1202 2655 potest
1246 2602 1369 2642 esse
1472 2602 1559 2640 am
1592 2584 1779 2641 Boden
1815 2584 2132 2643 vorhanden
2166 2604 2381 2652 waren;
2424 2588 2546 2653 Liv.

1471 2653 1568 2709 hat
1599 2653 1794 2709 immer
1829 2651 1881 2707 d.
1917 2651 2039 2709 Ahl.
2072 2652 2125 2719 b,
2146 2656 2379 2722 pluere,
2416 2673 2461 2712 z.
2485 2654 2543 2714 B.

1471 2725 1554 2783 24,
1582 2725 1671 2775 1οε
1696 2723 2010 2787 sananim,-
2033 2724 2119 2787 35,
2145 2727 2201 2778 9:
2228 2724 2545 2790 lapidibus,-

291 2721 419 2786 9²⁶⁰?
453 2720 586 2776 haec
621 2721 762 2779 enim
799 2722 979 2779 omnia
1014 2736 1165 2788 pure
1201 2728 1368 2789 atque

1470 2793 1554 2852 257,
1584 2792 1671 2842 11:
1708 2789 1887 2849 lacte,·
1925 2792 2010 2853 35,
2037 2792 2129 2844 21:
2167 2795 2359 2853 terrm
2390 2791 2543 2848 Ptin.

293 2792 452 2844 caste
477 2786 768 2845 tribuenda
791 2788 1023 2845 deorum
1056 2789 1267 2845 numini
1290 2789 1368 2843 ita

293 2862 450 2919 sunt,
484 2855 532 2912 si
570 2856 1078 2912 animadvertuntur
1113 2852 1179 2913 ab
1207 2856 1284 2912 eis
1313 2863 1367 2911 et

293 2924 341 2978 si
385 2930 470 2978 est
510 2921 720 2991 aliquid
754 2939 785 2977 a
836 2923 918 2977 dis
963 2921 1364 2981 immortalibus

293 2991 579 3046 hominum
603 2989 795 3056 generi
819 2988 1105 3046 tributum.

372 3057 421 3121 1)
467 3055 811 3111 Coniectura
855 3084 923 3093 —
965 3056 1064 3112 auf
1101 3055 1365 3123 subjecti-

290 3141 387 3180 ver
427 3124 710 3181 Annahme
758 3121 1079 3181 beruhende
1141 3123 1364 3187 „Muth-

289 3193 624 3259 massung“,
660 3208 729 3247 zu
754 3191 832 3247 St.
865 3195 920 3254 7,
947 3196 979 3244 3
1004 3209 1057 3247 ιι.
1081 3195 1174 3253 40,
1202 3195 1250 3248 1.
1296 3219 1364 3228 --

288 3261 558 3319 diversus
584 3288 652 3297 —-
686 3261 1019 3315 contrarius
1050 3285 1119 3297 ——-
1152 3258 1362 3327 Steige·

289 3343 452 3395 rung.
476 3356 542 3365 ——
574 3328 630 3392 2)
657 3343 871 3394 anceps
895 3343 1014 3394 rep.
1042 3343 1124 3383 or.
1149 3355 1216 3364 —-
1240 3343 1362 3390 „er-

289 3394 443 3463 giebt
490 3395 608 3450 sich
658 3395 779 3450 eine
818 3393 1084 3464 doppelte
1122 3393 1361 3453 Darstel·

288 3464 452 3530 lung,
487 3463 561 3518 ist
595 3462 683 3519 ein
718 3461 1048 3518 zwiefacher
1073 3460 1363 3519 Ausdruck

289 3531 583 3599 (Deutung)
617 3530 921 3598 moglich“.
955 3559 1022 3568 -
1055 3532 1108 3596 3)
1133 3547 1251 3599 err.
1279 3547 1362 3587 cr.

287 3601 414 3655 sim.
441 3622 508 3636 -—-
532 3597 658 3661 „die
682 3599 948 3665 (aussere)
976 3598 1362 3657 Aehnlichkeit

286 3666 408 3730 (der
441 3664 781 3721 Erscheinun
823 3667 839 3729 )
888 3667 1188 3735 unterliegt
1235 3667 1358 3727 dem

285 3733 583 3789 Irrthum“.
628 3760 696 3771 -
743 3749 774 3789 e
824 3740 983 3795 actor
1010 3761 1077 3772 ——
1101 3734 1280 3790 selten
1303 3752 1358 3791 u.

287 3800 458 3857 daher
500 3799 779 3856 naohdrfic
815 3800 991 3857 licher
1032 3801 1112 3857 als
1145 3809 1358 3864 auctor,

286 3868 338 3925 d.
365 3883 445 3923 or.
472 3871 521 3930 1,
544 3872 636 3922 33:
675 3867 837 3924 stilus
875 3869 1114 3937 optimus
1142 3868 1358 3925 dicendi

284 3934 1361 4072 fittssffz’ssstffitttttffiffis

286 4069 531 4141 litorque
555 4071 710 4127 deuS.
731 4100 799 4109 —
833 4071 1100 4136 ‘mimatae
1140 4088 1224 4135 en,
1249 4071 1359 4127 wie

287 4137 737 4207 Schwefelregen
771 4156 827 4196 u.
862 4145 936 4205 a„
962 4139 1060 4196 -die
1158 4139 1359 4207 irkung

288 4222 353 4261 or
392 4207 644 4263 aniseher
679 4206 1023 4267 Substanzen
1063 4207 1357 4273 (Insecten,

283 4272 344 4327 ln
371 4275 622 4338 usorien,
652 4274 739 4334 od.
764 4274 1229 4341 Pssanzenstauh)‚
1269 4274 1358 4330 die

1470 2860 1519 2918 2,
1533 2860 1598 2908 56
1612 2875 1625 2908 :
1652 2855 1817 2918 lacte,
1838 2857 2138 2922 sanquine,
2150 2873 2348 2920 carne,
2357 2858 2544 2925 ferra,

1469 2923 1624 2984 lana,
1650 2922 1926 2977 lateribus
1943 2923 2119 2978 coctis
2138 2920 2479 2988 (Backsteine
2491 2927 2543 2991 1).

1467 3018 1536 3027 —
1559 2989 1822 3053 Atratus,
1851 2988 2261 3051 einFliisschen
2285 2990 2374 3046 hei
2385 2991 2541 3056 Rom,

1469 3056 1615 3115 noch
1642 3072 1776 3111 erw.
1799 3055 1903 3111 div.
1923 3060 1969 3119 1,
1992 3059 2083 3110 43:
2111 3057 2263 3126 quid,
2290 3074 2414 3113 cum
2438 3056 2544 3115 flu·

1468 3123 1589 3178 vius
1599 3124 1843 3183 Atratus
1860 3125 2144 3191 sanquine
2159 3124 2371 3191 fluxit?
2389 3126 2541 3196 quid,

1467 3207 1602 3246 cum.
1613 3207 1777 3259 saepe
1794 3191 2068 3258 lapidum,
2080 3196 2384 3260 sanyuz'nis
2402 3211 2543 3250 non·

1465 3274 1791 3327 numquam,
1818 3265 2012 3317 terrae
2033 3260 2330 3325 interdum,
2359 3278 2541 3342 quon-

1433 3368 1438 3373 .
1466 3326 1590 3385 dam
1617 3326 1777 3383 etiam
1801 3327 1968 3391 lactis
1990 3329 2169 3384 imber
2186 3327 2447 3386 defluxit?
2472 3358 2541 3369 —-

1464 3395 1518 3459 5)
1557 3393 1767 3451 Thales
1798 3423 1867 3433 —
1902 3394 1980 3452 St.
2013 3396 2106 3460 48,
2133 3402 2190 3460 3;
2226 3396 2540 3469 Αηαςεᾳρο-

1464 3478 1571 3521 ras
1593 3489 1661 3499 —-
1685 3460 1763 3519 St.
1788 3468 1870 3527 30,
1897 3468 1946 3520 6.
1991 3492 2059 3503 ·-
2106 3464 2158 3531 εὶ)
2192 3465 2542 3523 decoloratio

1464 3558 1531 3569 —
1553 3529 1741 3589 Subst.
1766 3548 1873 3587 nur
1897 3531 2044 3593 hier,
2078 3528 2211 3608 Sep.
2236 3547 2328 3599 qu.
2354 3538 2465 3586 nat.
2489 3535 2541 3598 2,

1461 3602 1554 3653 41:
1592 3599 1960 3657 decoloratur
1991 3597 2048 3652 id
2083 3611 2239 3653 culus
2276 3596 2435 3654 color
2460 3598 2539 3652 vi-

1464 3666 1634 3727 tiatur
1647 3685 1659 3720 :
1706 3708 1738 3729 „
1751 3664 2142 3721 unhestimmte
2154 3707 2167 3726 ,
2204 3665 2539 3722 verwischte

1460 3730 1777 3799 Farhung“.
1798 3760 1867 3769 —
1890 3731 2088 3799 adlabi
2103 3731 2537 3800 ,‚anschlagen“.
2561 3761 2566 3765 ·

1460 3804 1757 3867 tectorium
1767 3799 1996 3869 „Tfinch
2055 3798 2205 3862 erk“,
2223 3816 2292 3855 zu
2303 3796 2382 3857 St.
2392 3804 2477 3863 82,
2488 3805 2539 3857 9.

1462 3862 1977 3992 {ascesin
1999 3866 2538 3999 simiam-‘tas-

1462 4000 1601 4072 figer
1612 3977 1676 4066 “J
1697 3976 1927 4126 mu'iossa
1960 3935 2298 4071 „ffizgf-ffi'ger
2311 4003 2341 4026 ‘⁶
2354 3977 2395 4066 ;”
2419 3953 2536 4071 ’ξομ

1461 4078 1489 4135 τ,
1600 4098 1664 4108 -
1688 4068 1834 4135 heim
1901 4069 2091 4129 erbum
2118 4068 2264 4129 ohne
2282 4078 2402 4139 ents
2446 4087 2533 4126 re-

1463 4155 1494 4198 c
1537 4138 1702 4207 eudes
1776 4155 1933 4209 uam,
1970 4136 2172 4201 seiten,
2227 4088 2531 4217 Veil.·ssqt.

1460 4211 1517 4287 2,
1543 4211 1637 4263 88:
1674 4157 1773 4277 sed
1806 4223 1920 4265 non
1944 4210 2059 4265 iam
2096 4213 2429 4284 cancuplvn.
2459 4234 2534 4286 ¹-

1457 4291 1524 4330 m
1543 4272 1715 4341 bello,
1739 4277 1803 4331 in
1820 4289 1969 4343 pace
2004 4302 2070 4312 —
2105 4270 2431 4338 „wahrend
2456 4291 2533 4331 lm

1998 4359 2124 4421 11*
