2975 4842
1338 219 1762 283 -42-

432 390 647 466 gloria,
693 407 871 472 quam
901 389 1138 451 laudem
1168 389 1270 451 ille
1299 390 1494 451 Africa
1526 408 1807 469 oppressa
1851 393 2206 471 cognomine
2246 392 2378 470 ipso
2414 410 2565 471 prae
2606 411 2670 455 se

431 474 694 544 serebat,
727 474 995 538 eamdem
1025 474 1124 536 hic
1154 474 1268 535 sibi
1298 494 1372 535 ex
1402 476 1575 537 Asiae
1606 473 1931 555 nominem)
1965 476 2313 557 adsumpsit.

727 671 872 724 120.
959 665 1686 736 Gewissenhafflgkeit
1728 667 1851 722 des
1895 668 2155 723 alteren
2198 667 2387 724 outo.

1319 774 1433 843 (off.
1470 778 1519 842 Ι,
1557 780 1641 844 11,
1679 776 1787 843 36.)

599 896 750 959 Belli
781 897 1018 976 quidem
1051 898 1315 976 aequitas
1344 896 1711 958 sanctissime
1741 896 1923 957 fetiali
1939 893 2223 977 ¹).populi
2249 897 2504 959 Romani
2540 899 2672 960 iure

429 983 760 1063 perscripta
794 990 898 1044 est.
961 982 1049 1043 Ex
1080 1000 1195 1063 quo
1226 980 1492 1060 intellegi
1520 989 1715 1060 potest
1745 979 1974 1043 nullum
2019 980 2241 1042 bellum
2286 983 2505 1043 iustum
2538 1001 2670 1046 esse

430 1069 544 1129 nisi
573 1067 731 1148 quod
762 1075 865 1129 aut
894 1065 1077 1130 rebus
1105 1064 1434 1146 repetitis2)
1480 1075 1723 1145 geratur
1753 1074 1852 1127 aut
1894 1065 2309 1128 denunciatum
2341 1076 2476 1128 ante
2506 1068 2585 1128 sit
2613 1076 2672 1128 et

427 1151 735 1215 indictum.
766 1186 853 1199 ·-
878 1151 1144 1230 Popilius
1156 1148 1202 1230 3)
1234 1152 1558 1230 imperator
1587 1150 1993 1213 Macedoniam
2024 1150 2265 1213 tenebat
2286 1153 2667 1230 provinciam,

428 1239 490 1298 in
531 1238 698 1298 cuius
741 1239 1004 1299 exercitu
1034 1236 1271 1299 Catonis
1310 1235 1463 1297 lilius
1509 1237 1620 1296 tiro
1651 1234 1956 1297 militabat.
2037 1237 2186 1298 Cum
2217 1245 2412 1298 autem
2444 1235 2669 1316 Popilio

428 1320 728 1383 videretur
742 1319 785 1400 4)
820 1338 1000 1383 unam
1030 1320 1328 1382 dimittere
1356 1321 1687 1399 legionem,
1722 1320 1961 1383 Catonis
1991 1338 2225 1400 quoque
2255 1320 2442 1382 filium
2475 1323 2579 1402 qui
2607 1323 2668 1382 in

431 1406 640 1467 eadem
704 1405 942 1483 legione
990 1404 1280 1466 militabat
1341 1405 1580 1466 dimisit.
1671 1404 1786 1466 Sed
1840 1422 1975 1465 cum
2019 1423 2223 1466 amore
2264 1406 2566 1484 pugnandi
2607 1407 2668 1466 in

431 1491 694 1551 exercitu
724 1491 1123 1558 remansisset,
1157 1490 1298 1551 Cato
1328 1490 1400 1551 ad
1432 1488 1724 1567 Popilium
1751 1491 2004 1568 scripsit,
2039 1496 2122 1557 ut,
2154 1491 2361 1552 sicum
2386 1492 2606 1570 patitur
2623 1487 2663 1569 ⁵)

429 1575 491 1635 in
531 1573 794 1636 exercitu
837 1592 1177 1645 remanere,
1232 1574 1497 1635 secundo
1537 1591 1673 1634 eum
1714 1573 1936 1653 obliget
1987 1574 2224 1636 militiae
2266 1583 2667 1644 sacramento;

432 1658 594 1738 quia,
639 1661 842 1739 priore
883 1661 1130 1729 amisse,
1181 1660 1315 1720 iure
1357 1677 1494 1720 cum
1535 1658 1803 1720 hostibus
1855 1676 2126 1738 pugnare
2179 1677 2298 1719 non
2358 1656 2665 1740 poterat0).

428 1743 591 1805 Adeo
621 1762 853 1808 summa
884 1751 1011 1806 erat
1040 1744 1374 1806 observatio
1404 1745 1467 1804 in
1498 1741 1659 1805 bello
1688 1744 1998 1804 movendo.

667 1937 805 1992 121.
835 1942 840 1947 ’
891 1936 1036 1993 Vor
1077 1936 1226 1992 und
1266 1935 1447 1992 nach
1491 1935 1614 1992 der
1659 1934 1985 1990 Semacht
2025 1934 2141 1991 bei
2181 1934 2445 2004 Pydna.

599 2084 651 2127 a.
713 2067 1253 2139 Mondfinsterniss.
1306 2064 1441 2144 (rep.
1472 2069 1528 2139 1,
1563 2067 1664 2140 15,
1699 2067 1823 2139 23.)
1871 2097 1942 2108 —
1989 2063 2233 2125 Memini
2269 2061 2423 2145 me¹)
2469 2064 2668 2125 admo-

430 2150 569 2210 dum
604 2148 1079 2218 adolescentum,
1115 2167 1251 2211 cum
1280 2155 1453 2228 pater
1465 2152 1754 2209 Aemilius
1781 2150 2033 2210 Paullus
2062 2150 2122 2208 in
2154 2148 2498 2210 Macedonia
2528 2166 2669 2209 con-

430 2233 523 2297 sul
553 2240 709 2295 esset
739 2241 799 2293 et
828 2251 1091 2294 essemus
1121 2235 1182 2294 in
1215 2234 1450 2303 castris,
1497 2231 1843 2312 perturbari
1872 2234 2196 2294 exercitum
2230 2240 2500 2293 nostrum
2530 2232 2669 2295 reli·
2698 2299 2703 2303 ,

429 2321 604 2398 gione
635 2325 694 2380 et
723 2324 914 2388 metu,
950 2319 1106 2397 quod
1139 2335 1351 2380 serena
1385 2327 1560 2380 nocte
1592 2317 1787 2378 subito
1819 2318 2079 2378 candens
2109 2324 2169 2379 et
2195 2316 2370 2394 plena
2400 2317 2540 2378 luna
2571 2318 2672 2378 de-

429 2405 663 2466 fecisset
677 2401 742 2485 2).
773 2404 926 2464 Tum
948 2402 1010 2464 C.
1029 2401 1324 2482 Sulpicius
1356 2401 1578 2476 Gallus,
1610 2420 1746 2464 cum
1776 2401 2005 2480 legatus
2036 2409 2239 2463 noster
2255 2398 2299 2478 3)
2333 2409 2490 2463 esset
2518 2420 2669 2481 anno

429 2586 510 2643 St.
533 2590 617 2652 74,
647 2590 670 2637 1
700 2602 754 2641 u.
781 2589 832 2640 ὃ.
862 2613 932 2623 ·-
974 2584 1059 2650 10)
1083 2603 1251 2653 quam
1273 2586 1501 2642 laudem

425 2682 495 2690 —
517 2653 770 2710 eamdem
791 2681 862 2690 —
884 2668 965 2708 ex
985 2655 1160 2709 Asiae
1186 2656 1410 2709 nomine
1431 2681 1502 2692 -

429 2721 464 2777 i.
491 2737 536 2777 e.
562 2721 873 2785 Asiaticus,
901 2719 1023 2777 Liv.
1047 2726 1138 2785 37,
1164 2725 1257 2775 58:
1285 2721 1348 2778 L.
1373 2720 1487 2777 Sci·

422 2791 544 2856 pio,
582 2805 654 2844 ne
688 2788 1006 2857 cognomini
1038 2787 1226 2845 fratris
1260 2788 1498 2853 cederet,

425 2858 743 2938 Asiaticum
789 2873 851 2912 se
896 2856 1167 2980 apgessari
1211 2857 1387 2915 voluit
1427 2879 1501 2903 =

428 2922 1499 3073 3Ξί’ΐῖἒῖῗὲἔῐςξῗιέἴωῗὲὲῗῑὲἓῗὲᾛὲοέἒ

426 3057 630 3132 Iusque
652 3060 738 3123 R..
765 3060 854 3115 die
878 3059 1244 3116 vermuthhch
1267 3068 1369 3117 mit
1443 3078 1498 3117 e-

425 3129 701 3195 wahrung
725 3128 822 3183 des
846 3128 1174 3197 Triumphes
1203 3128 1260 3193 (l.
1285 3128 1343 3194 l.)
1376 3144 1497 3184 ver-

423 3194 646 3252 bunden
669 3211 804 3250 war.

497 3329 546 3392 1)
571 3330 665 3384 ius
687 3327 890 3396 fetiale
914 3329 949 3384 i.
967 3344 1021 3397 q.
1039 3327 1260 3396 fetialis
1278 3328 1495 3397 religio,

428 3396 507 3452 St.
531 3400 614 3459 94,
639 3400 689 3451 3.
737 3425 802 3434 —-
849 3397 902 3461 2)
936 3411 1034 3452 res
1069 3411 1135 3451 re
1178 3402 1357 3460 clere,
1393 3404 1432 3453 t.
1458 3403 1498 3453 t.

427 3463 522 3520 das
550 3462 824 3520 Geraubte
849 3480 973 3519 vom
996 3463 1129 3520 Fein
1169 3480 1200 3519 e
1228 3463 1498 3528 „zm-tick-

427 3530 690 3588 fordern‘·
724 3531 776 3587 d.
809 3531 864 3587 h.
896 3529 1346 3600 „Genugthuung
1380 3530 1496 3588 for-

427 3598 615 3662 dern“,
645 3598 767 3656 Liv.
793 3604 840 3665 1,
868 3603 960 3654 22:
987 3614 1086 3656 res
1111 3601 1409 3668 repetitum
1434 3617 1497 3657 se

425 3666 659 3729 venisse,
685 3682 738 3721 u.
766 3670 816 3722 ὃ.
839 3696 907 3704 -
930 3666 984 3734 3)
1014 3666 1337 3738 &Popilius
1348 3666 1494 3725 Lae-

426 3748 565 3789 nas.-
614 3733 819 3789 Consul
868 3739 965 3787 172
1013 3752 1062 3790 v.
1111 3733 1233 3799 Ch.;
1283 3750 1406 3804 geg.
1442 3735 1494 3792 d.

424 3799 575 3857 Ende
600 3800 780 3857 seines
807 3802 1118 3871 Amtjahres
1152 3801 1274 3858 kam
1305 3820 1369 3859 es
1392 3804 1495 3858 mit

423 3867 486 3926 K.
518 3868 753 3925 Perseus
788 3887 912 3925 zum
943 3869 1184 3934 Bruche;
1233 3869 1323 3926 bei
1354 3871 1495 3926 Aus-

425 3936 600 3993 bruch
633 3936 730 3993 des
763 3935 992 4006 Krieges
1028 3936 1338 3994 entschloss
1374 3937 1494 3992 sich

426 4002 791 4060 vermutblich
840 4004 939 4061 der
981 4006 1157 4074 junge
1191 4004 1322 4061 Cato
1370 4020 1494 4060 zum

424 4071 664 4127 Bleiben.
697 4100 765 4109 —
792 4073 848 4136 4)
873 4074 1099 4131 videtur
1124 4088 1169 4127 c.
1193 4071 1308 4127 Dat.
1332 4099 1400 4109 —
1425 4088 1496 4128 zu

428 4138 506 4193 St.
529 4142 612 4200 51,
638 4140 827 4203 4.—5)
852 4142 909 4195 si
928 4167 996 4178 --
1013 4142 1241 4207 patitur
1259 4167 1322 4176 —
1340 4137 1494 4194 Pras.

426 4205 554 4270 (wie
566 4204 618 4260 b.
628 4206 783 4271 dum)
797 4205 897 4263 der
907 4204 1495 4274 grossLebhal’tigkeit

1603 2604 1659 2643 u.
1668 2583 2152 2642 Anschaulichkeit
2171 2580 2379 2649 halber,
2397 2584 2671 2642 derlndic.

1600 2652 1734 2709 weil
1789 2653 1877 2709 die
1920 2652 2246 2721 Bedingung
2303 2652 2384 2709 als
2433 2653 2673 2721 gewisse

1601 2720 1988 2777 Wirklichkeit
2035 2721 2337 2784 erscheint‚
2383 2722 2527 2777 auch
2574 2721 2673 2776 mit
2776 2800 2781 2804 ι

1601 2786 2018 2855 Ruckwirkung
2049 2788 2146 2844 des
2186 2787 2483 2845 Brieftons.
2530 2788 2603 2845 B.
2632 2788 2671 2854 S

1601 2859 1703 2909 344
1725 2856 1782 2911 B.
1807 2857 1870 2911 A.
1896 2860 1945 2911 1.
1992 2854 2072 2912 M.
2097 2855 2134 2922 S
2159 2860 2277 2912 603.
2298 2884 2366 2893 -
2389 2857 2448 2919 6)
2470 2872 2673 2912 sacra·

1600 2929 1786 2979 mento
1812 2923 1930 2979 obli·
1968 2938 2156 2979 ure—
2176 2924 2210 2978 i.
2263 2961 2275 2975 .
2302 2922 2669 2992 obstringere,

1601 2991 1849 3059 adigere,
1886 3033 1915 3056 „
1958 3034 1971 3047 .
1993 2990 2232 3046 Dienstei
2290 2991 2428 3047 Jem.
2468 2990 2671 3048 abneh-

1601 3075 1756 3125 men,
1804 3059 2003 3115 leisten
2036 3058 2271 3114 lassen“.
2317 3087 2382 3096 -
2425 3062 2561 3128 quia
2606 3086 2670 3096 -

1594 3132 1844 3194 poterat,
1889 3126 2054 3182 Indic.
2094 3124 2225 3207 weil
2272 3142 2493 3207 wessen
2533 3127 2671 3182 Aus-

1602 3191 2670 3343 ⁸³5?²n‘51·‚1‘}{{1{2²‡1i“sssi>f‘2³3{¹22·sm·-

1640 3331 1695 3385 io
1717 3329 2088 3385 Aemilianus.
2112 3357 2177 3366 —·
2203 3327 2266 3382 L.
2286 3328 2484 3385 Aemzl.
2498 3328 2672 3384 Paul-

1625 3413 1721 3462 us,
1756 3397 1837 3452 als
1864 3395 2068 3452 Consul
2102 3395 2367 3454 Feldherr
2401 3397 2458 3452 in
2491 3395 2670 3452 Make-

1599 3464 1803 3520 donien
1849 3478 1972 3531 geg.
2017 3462 2079 3520 K.
2125 3467 2379 3520 Perseus
2422 3464 2671 3521 Sommer

1602 3536 1715 3585 168.
1765 3530 1956 3587 Totale
1979 3528 2452 3587 Mondfinsterniss
2487 3532 2545 3586 in
2570 3530 2671 3587 der

1598 3597 1770 3654 Nacbt
1794 3597 1849 3651 d.
1875 3596 2049 3661 21l22.
2069 3598 2201 3653 Juni
2225 3598 2321 3655 des
2341 3598 2544 3655 Julian.
2568 3597 2671 3653 Ka-

1599 3665 1835 3722 lenderS.
1860 3693 1928 3701 —
1954 3664 2225 3733 reliqione
2250 3673 2306 3722 el
2330 3673 2479 3722 metu
2504 3666 2667 3732 (wei-

1597 3734 1739 3791 terh.
1787 3733 2116 3799 reliqionem
2163 3734 2557 3801 timoremque)
2605 3761 2670 3770 -

1598 3816 1747 3866 „von
1781 3798 2202 3868 aberglaubiger
2233 3800 2493 3864 Furcht“.
2525 3799 2670 3857 Hen-

1600 3867 1809 3936 diadys,
1836 3884 1907 3923 zu
1932 3866 2010 3924 St.
2035 3872 2117 3931 35,
2138 3872 2186 3923 6.
2210 3896 2279 3906 -
2302 3869 2356 3934 2)
2381 3869 2531 3936 quod
2552 3884 2669 3936 seq·

1600 3935 1757 3992 Con‘.
1791 3964 1859 3973 -—
1901 3951 2011 3992 von
2047 3935 2146 3992 der
2176 3936 2408 3991 Ansicht
2440 3952 2494 3992 u.
2536 3936 2670 3992 Vor-

1598 4002 1705 4059 stel
1732 4017 1845 4071 ung
1879 4002 1975 4060 des
2005 4003 2209 4059 Heeres
2243 4020 2342 4059 aus
2376 4002 2666 4065 berichtet,

1598 4071 1751 4127 nicht
1775 4069 2520 4133 v.d.einfachenThatsacl1e.
2547 4069 2666 4135 Rs

1598 4142 1715 4201 297,
1735 4138 1962 4204 sa.M.s
1977 4143 2093 4193 719.
2112 4136 2294 4217 1¹:538
2306 4139 2507 4194 eceli.
2519 4138 2556 4204 s
2570 4141 2671 4190 140

1598 4205 1650 4271 b,
1670 4204 1745 4270 b).
1771 4234 1840 4244 --
1866 4206 1919 4271 3)
1935 4211 2133 4262 noster
2157 4233 2221 4242 -
2242 4204 2575 4262 mwiefern?
2600 4232 2669 4243 —
2698 4250 2703 4254 .
