<?xml version="1.0" encoding="UTF-8"?>
<!DOCTYPE html PUBLIC "-//W3C//DTD XHTML 1.0 Transitional//EN"
    "http://www.w3.org/TR/xhtml1/DTD/xhtml1-transitional.dtd">
<html xmlns="http://www.w3.org/1999/xhtml" xml:lang="en" lang="en">
 <head>
  <title>
</title>
<meta http-equiv="Content-Type" content="text/html;charset=utf-8" />
  <meta name='ocr-system' content='tesseract 3.04.00' />
  <meta name='ocr-capabilities' content='ocr_page ocr_carea ocr_par ocr_line ocrx_word'/>
</head>
<body>
  <div class='ocr_page' id='page_1' title='image "./chrestomathiaci00ldgoog_0302.png"; bbox 0 0 2975 4842; ppageno 0'>
   <div class='ocr_carea' id='block_1_1' title="bbox 1332 264 1796 330">
    <p class='ocr_par' dir='ltr' id='par_1_1' title="bbox 1332 264 1796 330">
     <span class='ocr_line' id='line_1_1' title="bbox 1332 264 1796 330; baseline -0.002 -1"><span class='ocrx_word' id='word_1_1' title='bbox 1332 264 1796 330; x_wconf 78' lang='lat'>-162—</span> 
     </span>
    </p>
   </div>
   <div class='ocr_carea' id='block_1_2' title="bbox 436 434 2754 855">
    <p class='ocr_par' dir='ltr' id='par_1_2' title="bbox 436 434 2754 855">
     <span class='ocr_line' id='line_1_2' title="bbox 436 434 2700 517; baseline -0.004 -13"><span class='ocrx_word' id='word_1_2' title='bbox 436 441 594 505; x_wconf 90' lang='lat' dir='ltr'><strong>dicio</strong></span> <span class='ocrx_word' id='word_1_3' title='bbox 625 457 695 501; x_wconf 93' lang='lat' dir='ltr'><strong>ac</strong></span> <span class='ocrx_word' id='word_1_4' title='bbox 723 434 1088 517; x_wconf 81' lang='lat' dir='ltr'><strong>numine¹⁴),</strong></span> <span class='ocrx_word' id='word_1_5' title='bbox 1124 437 1482 517; x_wconf 88' lang='lat' dir='ltr'><strong>eosdemque</strong></span> <span class='ocrx_word' id='word_1_6' title='bbox 1515 436 1737 516; x_wconf 88' lang='lat' dir='ltr'><strong>optime</strong></span> <span class='ocrx_word' id='word_1_7' title='bbox 1769 435 1842 496; x_wconf 89' lang='lat' dir='ltr'><strong>de</strong></span> <span class='ocrx_word' id='word_1_8' title='bbox 1872 452 2093 515; x_wconf 80' lang='lat' dir='ltr'>genere</span> <span class='ocrx_word' id='word_1_9' title='bbox 2125 434 2434 497; x_wconf 87' lang='lat' dir='ltr'><strong>hominum</strong></span> <span class='ocrx_word' id='word_1_10' title='bbox 2463 434 2700 496; x_wconf 66' lang='lat' dir='ltr'><strong>mereri:</strong></span> 
     </span>
     <span class='ocr_line' id='line_1_3' title="bbox 437 518 2697 604; baseline -0.003 -17"><span class='ocrx_word' id='word_1_11' title='bbox 437 534 499 587; x_wconf 88' lang='lat' dir='ltr'><strong>et</strong></span> <span class='ocrx_word' id='word_1_12' title='bbox 527 523 716 604; x_wconf 89' lang='lat' dir='ltr'><strong>qualis</strong></span> <span class='ocrx_word' id='word_1_13' title='bbox 746 524 998 604; x_wconf 84' lang='lat' dir='ltr'><strong>quisque</strong></span> <span class='ocrx_word' id='word_1_14' title='bbox 1026 522 1120 594; x_wconf 88' lang='lat' dir='ltr'><strong>sit,</strong></span> <span class='ocrx_word' id='word_1_15' title='bbox 1152 521 1292 602; x_wconf 85' lang='lat' dir='ltr'><strong>quid</strong></span> <span class='ocrx_word' id='word_1_16' title='bbox 1325 529 1476 601; x_wconf 83' lang='lat' dir='ltr'><strong>agat,</strong></span> <span class='ocrx_word' id='word_1_17' title='bbox 1512 520 1650 600; x_wconf 83' lang='lat' dir='ltr'><strong>quid</strong></span> <span class='ocrx_word' id='word_1_18' title='bbox 1673 521 1733 581; x_wconf 88' lang='lat' dir='ltr'><strong>in</strong></span> <span class='ocrx_word' id='word_1_19' title='bbox 1764 537 1827 581; x_wconf 90' lang='lat' dir='ltr'><strong>se</strong></span> <span class='ocrx_word' id='word_1_20' title='bbox 1850 519 2136 590; x_wconf 86' lang='lat' dir='ltr'><strong>admittat,</strong></span> <span class='ocrx_word' id='word_1_21' title='bbox 2170 536 2285 600; x_wconf 83' lang='lat' dir='ltr'><strong>qua</strong></span> <span class='ocrx_word' id='word_1_22' title='bbox 2316 526 2535 590; x_wconf 85' lang='lat' dir='ltr'><strong>mente,</strong></span> <span class='ocrx_word' id='word_1_23' title='bbox 2568 518 2697 601; x_wconf 71' lang='lat' dir='ltr'><strong>q‘ua</strong></span> 
     </span>
     <span class='ocr_line' id='line_1_4' title="bbox 436 602 2754 691; baseline -0.004 -20"><span class='ocrx_word' id='word_1_24' title='bbox 436 611 658 691; x_wconf 89' lang='lat' dir='ltr'><strong>pietate</strong></span> <span class='ocrx_word' id='word_1_25' title='bbox 679 609 837 671; x_wconf 90' lang='lat' dir='ltr'><strong>colat</strong></span> <span class='ocrx_word' id='word_1_26' title='bbox 858 607 1195 686; x_wconf 79' lang='lat' dir='ltr'>religiones,</span> <span class='ocrx_word' id='word_1_27' title='bbox 1219 607 1441 668; x_wconf 81' lang='lat' dir='ltr'><strong>intueri</strong></span> <span class='ocrx_word' id='word_1_28' title='bbox 1459 607 1817 684; x_wconf 88' lang='lat' dir='ltr'><strong>piorumque</strong></span> <span class='ocrx_word' id='word_1_29' title='bbox 1830 614 1890 666; x_wconf 89' lang='lat' dir='ltr'><strong>et</strong></span> <span class='ocrx_word' id='word_1_30' title='bbox 1913 605 2234 687; x_wconf 88' lang='lat' dir='ltr'><strong>impiorum</strong></span> <span class='ocrx_word' id='word_1_31' title='bbox 2259 602 2482 665; x_wconf 84' lang='lat' dir='ltr'><strong>habere</strong></span> <span class='ocrx_word' id='word_1_32' title='bbox 2503 605 2686 665; x_wconf 79' lang='lat' dir='ltr'><strong>ratio-</strong></span> <span class='ocrx_word' id='word_1_33' title='bbox 2747 656 2754 661; x_wconf 91' lang='lat'><strong>.</strong></span> 
     </span>
     <span class='ocr_line' id='line_1_5' title="bbox 437 687 2702 772; baseline -0.003 -16"><span class='ocrx_word' id='word_1_34' title='bbox 437 691 691 772; x_wconf 74' lang='lat' dir='ltr'><strong>nem15).</strong></span> <span class='ocrx_word' id='word_1_35' title='bbox 752 692 860 755; x_wconf 86' lang='lat' dir='ltr'><strong>His</strong></span> <span class='ocrx_word' id='word_1_36' title='bbox 900 688 1060 753; x_wconf 85' lang='lat' dir='ltr'><strong>enim</strong></span> <span class='ocrx_word' id='word_1_37' title='bbox 1102 690 1284 753; x_wconf 87' lang='lat' dir='ltr'><strong>rebus</strong></span> <span class='ocrx_word' id='word_1_38' title='bbox 1323 689 1588 753; x_wconf 77' lang='lat' dir='ltr'>imbutae</span> <span class='ocrx_word' id='word_1_39' title='bbox 1629 697 1860 751; x_wconf 80' lang='lat' dir='ltr'><strong>mentes</strong></span> <span class='ocrx_word' id='word_1_40' title='bbox 1902 688 2058 752; x_wconf 86' lang='lat' dir='ltr'><strong>haud</strong></span> <span class='ocrx_word' id='word_1_41' title='bbox 2102 707 2245 750; x_wconf 89' lang='lat' dir='ltr'><strong>sane</strong></span> <span class='ocrx_word' id='word_1_42' title='bbox 2276 687 2702 751; x_wconf 83' lang='lat' dir='ltr'><strong>abhorrebunt.</strong></span> 
     </span>
     <span class='ocr_line' id='line_1_6' title="bbox 440 771 1464 855; baseline -0.006 -14"><span class='ocrx_word' id='word_1_43' title='bbox 440 778 514 841; x_wconf 90' lang='lat' dir='ltr'><strong>ab</strong></span> <span class='ocrx_word' id='word_1_44' title='bbox 545 777 676 840; x_wconf 89' lang='lat' dir='ltr'><strong>utili</strong></span> <span class='ocrx_word' id='word_1_45' title='bbox 708 784 807 839; x_wconf 89' lang='lat' dir='ltr'><strong>aut</strong></span> <span class='ocrx_word' id='word_1_46' title='bbox 836 796 869 838; x_wconf 89' lang='lat' dir='ltr'><strong>a</strong></span> <span class='ocrx_word' id='word_1_47' title='bbox 892 793 1030 839; x_wconf 87' lang='lat' dir='ltr'><strong>vera</strong></span> <span class='ocrx_word' id='word_1_48' title='bbox 1063 776 1353 838; x_wconf 89' lang='lat' dir='ltr'><strong>sententia</strong></span> <span class='ocrx_word' id='word_1_49' title='bbox 1372 771 1464 855; x_wconf 79' lang='lat'><strong>¹⁶).</strong></span> 
     </span>
    </p>
   </div>
   <div class='ocr_carea' id='block_1_3' title="bbox 1052 999 2080 1069">
    <p class='ocr_par' dir='ltr' id='par_1_3' title="bbox 1052 999 2080 1069">
     <span class='ocr_line' id='line_1_7' title="bbox 1052 999 2080 1069; baseline -0.002 -11"><span class='ocrx_word' id='word_1_50' title='bbox 1052 1003 1195 1058; x_wconf 83' lang='lat'><strong>185.</strong></span> <span class='ocrx_word' id='word_1_51' title='bbox 1280 1002 1534 1058; x_wconf 69' lang='lat' dir='ltr'><strong>wesen</strong></span> <span class='ocrx_word' id='word_1_52' title='bbox 1576 1001 1701 1057; x_wconf 83' lang='lat' dir='ltr'><strong>der</strong></span> <span class='ocrx_word' id='word_1_53' title='bbox 1742 999 2080 1069; x_wconf 76' lang='lat' dir='ltr'><strong>Religion.</strong></span> 
     </span>
    </p>
   </div>
   <div class='ocr_carea' id='block_1_4' title="bbox 439 1124 2702 2380">
    <p class='ocr_par' dir='ltr' id='par_1_4' title="bbox 439 1124 2702 2380">
     <span class='ocr_line' id='line_1_8' title="bbox 612 1124 2700 1212; baseline -0.001 -19"><span class='ocrx_word' id='word_1_54' title='bbox 612 1133 685 1212; x_wconf 89' lang='lat' dir='ltr'><strong>(d.</strong></span> <span class='ocrx_word' id='word_1_55' title='bbox 717 1143 829 1193; x_wconf 87' lang='lat' dir='ltr'><strong>nat.</strong></span> <span class='ocrx_word' id='word_1_56' title='bbox 862 1135 1014 1191; x_wconf 88' lang='lat' dir='ltr'><strong>deor.</strong></span> <span class='ocrx_word' id='word_1_57' title='bbox 1042 1133 1108 1206; x_wconf 83' lang='lat'><strong>11,</strong></span> <span class='ocrx_word' id='word_1_58' title='bbox 1142 1133 1243 1203; x_wconf 85' lang='grc'><strong>28,</strong></span> <span class='ocrx_word' id='word_1_59' title='bbox 1278 1126 1398 1208; x_wconf 84' lang='grc'><strong>71.)</strong></span> <span class='ocrx_word' id='word_1_60' title='bbox 1434 1165 1511 1175; x_wconf 91' lang='grc'>-</span> <span class='ocrx_word' id='word_1_61' title='bbox 1544 1129 1699 1190; x_wconf 86' lang='lat' dir='ltr'><strong>Deos</strong></span> <span class='ocrx_word' id='word_1_62' title='bbox 1731 1137 1789 1190; x_wconf 94' lang='lat' dir='ltr'><strong>et</strong></span> <span class='ocrx_word' id='word_1_63' title='bbox 1819 1130 2091 1190; x_wconf 86' lang='lat' dir='ltr'><strong>venerari</strong></span> <span class='ocrx_word' id='word_1_64' title='bbox 2127 1136 2187 1191; x_wconf 91' lang='lat' dir='ltr'><strong>et</strong></span> <span class='ocrx_word' id='word_1_65' title='bbox 2215 1126 2416 1190; x_wconf 86' lang='lat' dir='ltr'><strong>colere</strong></span> <span class='ocrx_word' id='word_1_66' title='bbox 2430 1125 2473 1209; x_wconf 93' lang='lat'><strong>¹)</strong></span> <span class='ocrx_word' id='word_1_67' title='bbox 2507 1124 2700 1190; x_wconf 77' lang='lat' dir='ltr'><strong>debe-</strong></span> 
     </span>
     <span class='ocr_line' id='line_1_9' title="bbox 441 1213 2698 1294; baseline -0.003 -14"><span class='ocrx_word' id='word_1_68' title='bbox 441 1236 592 1281; x_wconf 78' lang='lat' dir='ltr'><strong>muS.</strong></span> <span class='ocrx_word' id='word_1_69' title='bbox 655 1216 860 1279; x_wconf 85' lang='lat' dir='ltr'><strong>Cultus</strong></span> <span class='ocrx_word' id='word_1_70' title='bbox 889 1222 1087 1278; x_wconf 88' lang='lat' dir='ltr'><strong>autem</strong></span> <span class='ocrx_word' id='word_1_71' title='bbox 1118 1215 1364 1276; x_wconf 90' lang='lat' dir='ltr'><strong>deorum</strong></span> <span class='ocrx_word' id='word_1_72' title='bbox 1399 1221 1494 1276; x_wconf 88' lang='lat' dir='ltr'><strong>est</strong></span> <span class='ocrx_word' id='word_1_73' title='bbox 1521 1214 1778 1293; x_wconf 88' lang='lat' dir='ltr'><strong>optimus</strong></span> <span class='ocrx_word' id='word_1_74' title='bbox 1806 1213 2084 1294; x_wconf 82' lang='lat' dir='ltr'><strong>idemque</strong></span> <span class='ocrx_word' id='word_1_75' title='bbox 2120 1213 2483 1274; x_wconf 87' lang='lat' dir='ltr'><strong>castissimus</strong></span> <span class='ocrx_word' id='word_1_76' title='bbox 2513 1220 2698 1291; x_wconf 83' lang='lat' dir='ltr'><strong>atque</strong></span> 
     </span>
     <span class='ocr_line' id='line_1_10' title="bbox 441 1298 2687 1380; baseline -0.004 -15"><span class='ocrx_word' id='word_1_77' title='bbox 441 1302 844 1366; x_wconf 88' lang='lat' dir='ltr'><strong>sanctissimus</strong></span> <span class='ocrx_word' id='word_1_78' title='bbox 886 1299 1388 1380; x_wconf 85' lang='lat' dir='ltr'><strong>plenissimusque</strong></span> <span class='ocrx_word' id='word_1_79' title='bbox 1432 1299 1693 1377; x_wconf 87' lang='lat' dir='ltr'><strong>pietatis,</strong></span> <span class='ocrx_word' id='word_1_80' title='bbox 1739 1306 1803 1359; x_wconf 88' lang='lat' dir='ltr'><strong>ut</strong></span> <span class='ocrx_word' id='word_1_81' title='bbox 1833 1315 1934 1358; x_wconf 88' lang='lat' dir='ltr'><strong>eos</strong></span> <span class='ocrx_word' id='word_1_82' title='bbox 1964 1316 2202 1376; x_wconf 87' lang='lat' dir='ltr'><strong>semper</strong></span> <span class='ocrx_word' id='word_1_83' title='bbox 2232 1316 2400 1378; x_wconf 89' lang='lat' dir='ltr'><strong>pura,</strong></span> <span class='ocrx_word' id='word_1_84' title='bbox 2432 1298 2687 1376; x_wconf 88' lang='lat' dir='ltr'><strong>integra,</strong></span> 
     </span>
     <span class='ocr_line' id='line_1_11' title="bbox 440 1379 2692 1465; baseline -0.003 -17"><span class='ocrx_word' id='word_1_85' title='bbox 440 1390 789 1465; x_wconf 90' lang='lat' dir='ltr'><strong>incorrupta</strong></span> <span class='ocrx_word' id='word_1_86' title='bbox 834 1390 894 1445; x_wconf 90' lang='lat' dir='ltr'><strong>et</strong></span> <span class='ocrx_word' id='word_1_87' title='bbox 932 1391 1132 1445; x_wconf 88' lang='lat' dir='ltr'><strong>mente</strong></span> <span class='ocrx_word' id='word_1_88' title='bbox 1177 1391 1237 1445; x_wconf 90' lang='lat' dir='ltr'><strong>et</strong></span> <span class='ocrx_word' id='word_1_89' title='bbox 1274 1400 1418 1444; x_wconf 89' lang='lat' dir='ltr'><strong>voce</strong></span> <span class='ocrx_word' id='word_1_90' title='bbox 1460 1379 1894 1462; x_wconf 76' lang='lat' dir='ltr'><strong>veneremur2).</strong></span> <span class='ocrx_word' id='word_1_91' title='bbox 1968 1382 2099 1445; x_wconf 89' lang='lat' dir='ltr'><strong>Non</strong></span> <span class='ocrx_word' id='word_1_92' title='bbox 2142 1385 2300 1444; x_wconf 88' lang='lat' dir='ltr'><strong>enim</strong></span> <span class='ocrx_word' id='word_1_93' title='bbox 2350 1380 2692 1462; x_wconf 87' lang='lat' dir='ltr'><strong>philosophi</strong></span> 
     </span>
     <span class='ocr_line' id='line_1_12' title="bbox 442 1467 2700 1548; baseline -0.003 -15"><span class='ocrx_word' id='word_1_94' title='bbox 442 1469 656 1546; x_wconf 88' lang='lat' dir='ltr'><strong>solum,</strong></span> <span class='ocrx_word' id='word_1_95' title='bbox 689 1486 894 1541; x_wconf 88' lang='lat' dir='ltr'><strong>verum</strong></span> <span class='ocrx_word' id='word_1_96' title='bbox 925 1469 1103 1531; x_wconf 88' lang='lat' dir='ltr'><strong>etiam</strong></span> <span class='ocrx_word' id='word_1_97' title='bbox 1134 1468 1390 1528; x_wconf 90' lang='lat' dir='ltr'><strong>maiores</strong></span> <span class='ocrx_word' id='word_1_98' title='bbox 1420 1469 1609 1528; x_wconf 88' lang='lat' dir='ltr'><strong>nostri</strong></span> <span class='ocrx_word' id='word_1_99' title='bbox 1638 1469 2120 1548; x_wconf 78' lang='lat' dir='ltr'><strong>superstitionem</strong></span> <span class='ocrx_word' id='word_1_100' title='bbox 2141 1487 2177 1529; x_wconf 89' lang='lat' dir='ltr'><strong>a</strong></span> <span class='ocrx_word' id='word_1_101' title='bbox 2197 1467 2489 1547; x_wconf 86' lang='lat' dir='ltr'><strong>religione</strong></span> <span class='ocrx_word' id='word_1_102' title='bbox 2519 1484 2700 1547; x_wconf 80' lang='lat' dir='ltr'><strong>sepa·</strong></span> 
     </span>
     <span class='ocr_line' id='line_1_13' title="bbox 440 1551 2692 1633; baseline -0.003 -17"><span class='ocrx_word' id='word_1_103' title='bbox 440 1561 741 1618; x_wconf 85' lang='lat' dir='ltr'><strong>raverunt.</strong></span> <span class='ocrx_word' id='word_1_104' title='bbox 802 1552 953 1614; x_wconf 92' lang='lat' dir='ltr'><strong>Nam</strong></span> <span class='ocrx_word' id='word_1_105' title='bbox 996 1551 1097 1631; x_wconf 88' lang='lat' dir='ltr'><strong>qui</strong></span> <span class='ocrx_word' id='word_1_106' title='bbox 1135 1559 1292 1613; x_wconf 88' lang='lat' dir='ltr'><strong>totos</strong></span> <span class='ocrx_word' id='word_1_107' title='bbox 1335 1551 1460 1613; x_wconf 91' lang='lat' dir='ltr'><strong>dies</strong></span> <span class='ocrx_word' id='word_1_108' title='bbox 1505 1551 1901 1633; x_wconf 84' lang='lat' dir='ltr'><strong>precabantur</strong></span> <span class='ocrx_word' id='word_1_109' title='bbox 1933 1560 1992 1614; x_wconf 92' lang='lat' dir='ltr'><strong>et</strong></span> <span class='ocrx_word' id='word_1_110' title='bbox 2019 1551 2434 1620; x_wconf 80' lang='lat' dir='ltr'><strong>immolabant,</strong></span> <span class='ocrx_word' id='word_1_111' title='bbox 2481 1559 2545 1612; x_wconf 91' lang='lat' dir='ltr'><strong>ut</strong></span> <span class='ocrx_word' id='word_1_112' title='bbox 2574 1551 2692 1611; x_wconf 87' lang='lat' dir='ltr'><strong>sibi</strong></span> 
     </span>
     <span class='ocr_line' id='line_1_14' title="bbox 443 1633 2700 1718; baseline -0.003 -16"><span class='ocrx_word' id='word_1_113' title='bbox 443 1640 535 1702; x_wconf 89' lang='lat' dir='ltr'><strong>sui</strong></span> <span class='ocrx_word' id='word_1_114' title='bbox 574 1638 747 1700; x_wconf 90' lang='lat' dir='ltr'><strong>liberi</strong></span> <span class='ocrx_word' id='word_1_115' title='bbox 790 1637 1184 1716; x_wconf 70' lang='lat' dir='ltr'><strong>‘superstites&#39;</strong></span> <span class='ocrx_word' id='word_1_116' title='bbox 1232 1646 1459 1706; x_wconf 88' lang='lat' dir='ltr'><strong>essent,</strong></span> <span class='ocrx_word' id='word_1_117' title='bbox 1503 1641 1903 1714; x_wconf 80' lang='lat' dir='ltr'><strong>superstitiosi</strong></span> <span class='ocrx_word' id='word_1_118' title='bbox 1916 1633 1959 1716; x_wconf 78' lang='lat'><strong>³)</strong></span> <span class='ocrx_word' id='word_1_119' title='bbox 2003 1645 2141 1700; x_wconf 90' lang='lat' dir='ltr'><strong>sunt</strong></span> <span class='ocrx_word' id='word_1_120' title='bbox 2181 1635 2487 1718; x_wconf 88' lang='lat' dir='ltr'><strong>appellati;</strong></span> <span class='ocrx_word' id='word_1_121' title='bbox 2533 1635 2700 1715; x_wconf 74' lang='lat' dir='ltr'><strong>quod</strong></span> 
     </span>
     <span class='ocr_line' id='line_1_15' title="bbox 443 1719 2696 1803; baseline -0.001 -17"><span class='ocrx_word' id='word_1_122' title='bbox 443 1741 662 1787; x_wconf 87' lang='lat' dir='ltr'><strong>nomen</strong></span> <span class='ocrx_word' id='word_1_123' title='bbox 690 1722 882 1802; x_wconf 84' lang='lat' dir='ltr'><strong>patuit</strong></span> <span class='ocrx_word' id='word_1_124' title='bbox 908 1728 1117 1802; x_wconf 90' lang='lat' dir='ltr'><strong>postea</strong></span> <span class='ocrx_word' id='word_1_125' title='bbox 1144 1719 1338 1783; x_wconf 90' lang='lat' dir='ltr'><strong>latius.</strong></span> <span class='ocrx_word' id='word_1_126' title='bbox 1400 1721 1513 1794; x_wconf 87' lang='lat' dir='ltr'><strong>Qui</strong></span> <span class='ocrx_word' id='word_1_127' title='bbox 1543 1731 1741 1784; x_wconf 88' lang='lat' dir='ltr'><strong>autem</strong></span> <span class='ocrx_word' id='word_1_128' title='bbox 1775 1722 1973 1783; x_wconf 87' lang='lat' dir='ltr'><strong>omnia</strong></span> <span class='ocrx_word' id='word_1_129' title='bbox 2005 1741 2155 1803; x_wconf 92' lang='lat' dir='ltr'><strong>quae</strong></span> <span class='ocrx_word' id='word_1_130' title='bbox 2188 1722 2260 1783; x_wconf 86' lang='lat' dir='ltr'><strong>ad</strong></span> <span class='ocrx_word' id='word_1_131' title='bbox 2293 1720 2519 1783; x_wconf 90' lang='lat' dir='ltr'><strong>cultum</strong></span> <span class='ocrx_word' id='word_1_132' title='bbox 2549 1720 2696 1783; x_wconf 87' lang='lat' dir='ltr'><strong>deo·</strong></span> 
     </span>
     <span class='ocr_line' id='line_1_16' title="bbox 440 1804 2695 1890; baseline -0.002 -19"><span class='ocrx_word' id='word_1_133' title='bbox 440 1828 577 1871; x_wconf 92' lang='lat' dir='ltr'><strong>rum</strong></span> <span class='ocrx_word' id='word_1_134' title='bbox 598 1808 970 1890; x_wconf 81' lang='lat' dir='ltr'><strong>pertinerent</strong></span> <span class='ocrx_word' id='word_1_135' title='bbox 993 1804 1307 1885; x_wconf 86' lang='lat' dir='ltr'><strong>diligenter</strong></span> <span class='ocrx_word' id='word_1_136' title='bbox 1329 1813 1727 1868; x_wconf 85' lang='lat' dir='ltr'><strong>retractarent</strong></span> <span class='ocrx_word' id='word_1_137' title='bbox 1738 1815 1798 1869; x_wconf 93' lang='lat' dir='ltr'><strong>et</strong></span> <span class='ocrx_word' id='word_1_138' title='bbox 1818 1813 2119 1887; x_wconf 83' lang='lat' dir='ltr'><strong>tamquam</strong></span> <span class='ocrx_word' id='word_1_139' title='bbox 2132 1806 2538 1885; x_wconf 75' lang='lat' dir='ltr'><strong>‘relegerent&#39;,</strong></span> <span class='ocrx_word' id='word_1_140' title='bbox 2552 1813 2695 1866; x_wconf 87' lang='lat' dir='ltr'><strong>sunt</strong></span> 
     </span>
     <span class='ocr_line' id='line_1_17' title="bbox 442 1889 2697 1970; baseline -0.003 -14"><span class='ocrx_word' id='word_1_141' title='bbox 442 1894 587 1957; x_wconf 88' lang='lat' dir='ltr'><strong>dicti</strong></span> <span class='ocrx_word' id='word_1_142' title='bbox 626 1892 895 1967; x_wconf 73' lang='lat' dir='ltr'><strong>reliqiosi</strong></span> <span class='ocrx_word' id='word_1_143' title='bbox 930 1910 963 1952; x_wconf 91' lang='lat' dir='ltr'><strong>a</strong></span> <span class='ocrx_word' id='word_1_144' title='bbox 1007 1889 1400 1970; x_wconf 80' lang='lat' dir='ltr'><strong>‘relegendo&#39;,</strong></span> <span class='ocrx_word' id='word_1_145' title='bbox 1443 1899 1511 1952; x_wconf 88' lang='lat' dir='ltr'><strong>ut</strong></span> <span class='ocrx_word' id='word_1_146' title='bbox 1541 1891 1842 1968; x_wconf 86' lang='lat' dir='ltr'><strong>elegantes</strong></span> <span class='ocrx_word' id='word_1_147' title='bbox 1873 1911 1946 1953; x_wconf 84' lang='lat' dir='ltr'><strong>ex</strong></span> <span class='ocrx_word' id='word_1_148' title='bbox 1977 1890 2298 1970; x_wconf 73' lang='lat' dir='ltr'><strong>‘eligendo&#39;</strong></span> <span class='ocrx_word' id='word_1_149' title='bbox 2326 1893 2588 1970; x_wconf 89' lang='lat' dir='ltr'><strong>itemque</strong></span> <span class='ocrx_word' id='word_1_150' title='bbox 2620 1908 2697 1950; x_wconf 87' lang='lat' dir='ltr'><strong>ex</strong></span> 
     </span>
     <span class='ocr_line' id='line_1_18' title="bbox 442 1974 2698 2056; baseline -0.003 -15"><span class='ocrx_word' id='word_1_151' title='bbox 442 1977 793 2056; x_wconf 77' lang='lat' dir='ltr'><strong>‘diligendo&#39;</strong></span> <span class='ocrx_word' id='word_1_152' title='bbox 838 1974 1183 2055; x_wconf 78' lang='lat' dir='ltr'><strong>diligenteS,</strong></span> <span class='ocrx_word' id='word_1_153' title='bbox 1229 1994 1300 2036; x_wconf 86' lang='lat' dir='ltr'><strong>ex</strong></span> <span class='ocrx_word' id='word_1_154' title='bbox 1345 1974 1778 2055; x_wconf 76' lang='lat' dir='ltr'><strong>‘intelligendo&#39;</strong></span> <span class='ocrx_word' id='word_1_155' title='bbox 1822 1976 2221 2056; x_wconf 88' lang='lat' dir='ltr'><strong>intelligentes</strong></span> <span class='ocrx_word' id='word_1_156' title='bbox 2238 1974 2304 2056; x_wconf 79' lang='lat'><strong>4).</strong></span> <span class='ocrx_word' id='word_1_157' title='bbox 2376 1975 2482 2037; x_wconf 88' lang='lat' dir='ltr'><strong>His</strong></span> <span class='ocrx_word' id='word_1_158' title='bbox 2534 1975 2698 2036; x_wconf 90' lang='lat' dir='ltr'><strong>enim</strong></span> 
     </span>
     <span class='ocr_line' id='line_1_19' title="bbox 440 2059 2695 2141; baseline -0.002 -17"><span class='ocrx_word' id='word_1_159' title='bbox 440 2064 505 2124; x_wconf 90' lang='lat' dir='ltr'><strong>in</strong></span> <span class='ocrx_word' id='word_1_160' title='bbox 534 2060 732 2123; x_wconf 83' lang='lat' dir='ltr'><strong>verbis</strong></span> <span class='ocrx_word' id='word_1_161' title='bbox 762 2059 1040 2123; x_wconf 88' lang='lat' dir='ltr'><strong>omnibus</strong></span> <span class='ocrx_word' id='word_1_162' title='bbox 1080 2062 1236 2122; x_wconf 85' lang='lat' dir='ltr'><strong>inest</strong></span> <span class='ocrx_word' id='word_1_163' title='bbox 1274 2062 1362 2122; x_wconf 85' lang='lat' dir='ltr'><strong>vis</strong></span> <span class='ocrx_word' id='word_1_164' title='bbox 1392 2060 1678 2140; x_wconf 76' lang='lat' dir='ltr'><strong>‘legendi’</strong></span> <span class='ocrx_word' id='word_1_165' title='bbox 1709 2060 1914 2122; x_wconf 90' lang='lat' dir='ltr'><strong>eadem</strong></span> <span class='ocrx_word' id='word_1_166' title='bbox 1948 2079 2097 2141; x_wconf 91' lang='lat' dir='ltr'><strong>quae</strong></span> <span class='ocrx_word' id='word_1_167' title='bbox 2136 2062 2200 2123; x_wconf 91' lang='lat' dir='ltr'><strong>in</strong></span> <span class='ocrx_word' id='word_1_168' title='bbox 2230 2059 2530 2138; x_wconf 89' lang='lat' dir='ltr'><strong>religioso.</strong></span> <span class='ocrx_word' id='word_1_169' title='bbox 2605 2059 2695 2120; x_wconf 86' lang='lat' dir='ltr'><strong>Ita</strong></span> 
     </span>
     <span class='ocr_line' id='line_1_20' title="bbox 441 2141 2695 2225; baseline -0.002 -16"><span class='ocrx_word' id='word_1_170' title='bbox 441 2149 663 2211; x_wconf 82' lang='lat' dir='ltr'><strong>factum</strong></span> <span class='ocrx_word' id='word_1_171' title='bbox 709 2154 798 2207; x_wconf 92' lang='lat' dir='ltr'><strong>est</strong></span> <span class='ocrx_word' id='word_1_172' title='bbox 836 2147 900 2205; x_wconf 91' lang='lat' dir='ltr'><strong>in</strong></span> <span class='ocrx_word' id='word_1_173' title='bbox 940 2146 1348 2225; x_wconf 88' lang='lat' dir='ltr'><strong>superstitioso</strong></span> <span class='ocrx_word' id='word_1_174' title='bbox 1392 2154 1451 2206; x_wconf 91' lang='lat' dir='ltr'><strong>et</strong></span> <span class='ocrx_word' id='word_1_175' title='bbox 1492 2142 1788 2224; x_wconf 82' lang='lat' dir='ltr'><strong>religioso</strong></span> <span class='ocrx_word' id='word_1_176' title='bbox 1814 2142 2068 2207; x_wconf 90' lang='lat' dir='ltr'><strong>alterum</strong></span> <span class='ocrx_word' id='word_1_177' title='bbox 2110 2147 2236 2207; x_wconf 89' lang='lat' dir='ltr'><strong>vitii</strong></span> <span class='ocrx_word' id='word_1_178' title='bbox 2266 2162 2514 2215; x_wconf 88' lang='lat' dir='ltr'><strong>nomen,</strong></span> <span class='ocrx_word' id='word_1_179' title='bbox 2548 2141 2695 2205; x_wconf 90' lang='lat' dir='ltr'><strong>alte-</strong></span> 
     </span>
     <span class='ocr_line' id='line_1_21' title="bbox 439 2228 2702 2310; baseline -0.003 -15"><span class='ocrx_word' id='word_1_180' title='bbox 439 2251 576 2295; x_wconf 89' lang='lat' dir='ltr'><strong>rum</strong></span> <span class='ocrx_word' id='word_1_181' title='bbox 616 2230 825 2292; x_wconf 88' lang='lat' dir='ltr'><strong>laudis.</strong></span> <span class='ocrx_word' id='word_1_182' title='bbox 860 2264 936 2274; x_wconf 84' lang='lat'><strong>—-</strong></span> <span class='ocrx_word' id='word_1_183' title='bbox 968 2230 1051 2291; x_wconf 87' lang='lat' dir='ltr'><strong>Ac</strong></span> <span class='ocrx_word' id='word_1_184' title='bbox 1094 2230 1241 2291; x_wconf 84' lang='lat' dir='ltr'><strong>mihi</strong></span> <span class='ocrx_word' id='word_1_185' title='bbox 1284 2230 1484 2291; x_wconf 88' lang='lat' dir='ltr'><strong>videor</strong></span> <span class='ocrx_word' id='word_1_186' title='bbox 1527 2233 1669 2292; x_wconf 87' lang='lat' dir='ltr'><strong>satis</strong></span> <span class='ocrx_word' id='word_1_187' title='bbox 1714 2238 1771 2292; x_wconf 90' lang='lat' dir='ltr'><strong>et</strong></span> <span class='ocrx_word' id='word_1_188' title='bbox 1813 2249 1943 2293; x_wconf 91' lang='lat' dir='ltr'><strong>esse</strong></span> <span class='ocrx_word' id='word_1_189' title='bbox 1986 2230 2129 2292; x_wconf 90' lang='lat' dir='ltr'><strong>deos</strong></span> <span class='ocrx_word' id='word_1_190' title='bbox 2172 2238 2232 2291; x_wconf 91' lang='lat' dir='ltr'><strong>et</strong></span> <span class='ocrx_word' id='word_1_191' title='bbox 2260 2228 2464 2310; x_wconf 89' lang='lat' dir='ltr'><strong>quales</strong></span> <span class='ocrx_word' id='word_1_192' title='bbox 2496 2237 2702 2291; x_wconf 83' lang='lat' dir='ltr'><strong>essent</strong></span> 
     </span>
     <span class='ocr_line' id='line_1_22' title="bbox 451 2315 801 2380; baseline -0.014 0"><span class='ocrx_word' id='word_1_193' title='bbox 451 2315 801 2380; x_wconf 86' lang='lat' dir='ltr'><strong>ostendisse.</strong></span> 
     </span>
    </p>
   </div>
   <div class='ocr_carea' id='block_1_5' title="bbox 1618 2498 2707 2902">
    <p class='ocr_par' dir='ltr' id='par_1_5' title="bbox 1618 2498 2707 2902">
     <span class='ocr_line' id='line_1_23' title="bbox 1619 2498 2704 2566; baseline -0.002 -12"><span class='ocrx_word' id='word_1_194' title='bbox 1619 2500 1918 2566; x_wconf 83' lang='lat' dir='ltr'><strong>Ableitung</strong></span> <span class='ocrx_word' id='word_1_195' title='bbox 1944 2515 1990 2556; x_wconf 88' lang='lat' dir='ltr'><strong>v.</strong></span> <span class='ocrx_word' id='word_1_196' title='bbox 2003 2500 2395 2566; x_wconf 81' lang='lat' dir='ltr'><strong>superstitiosi</strong></span> <span class='ocrx_word' id='word_1_197' title='bbox 2406 2498 2481 2553; x_wconf 91' lang='lat' dir='ltr'><strong>ist</strong></span> <span class='ocrx_word' id='word_1_198' title='bbox 2504 2501 2704 2554; x_wconf 51' lang='lat' dir='ltr'><strong>natur*</strong></span> 
     </span>
     <span class='ocr_line' id='line_1_24' title="bbox 1620 2565 2707 2628; baseline -0.002 -6"><span class='ocrx_word' id='word_1_199' title='bbox 1620 2567 1733 2623; x_wconf 89' lang='lat' dir='ltr'><strong>lich</strong></span> <span class='ocrx_word' id='word_1_200' title='bbox 1757 2566 1891 2622; x_wconf 67' lang='lat' dir='ltr'><strong>velli</strong></span> <span class='ocrx_word' id='word_1_201' title='bbox 1962 2583 2031 2622; x_wconf 90' lang='lat' dir='ltr'><strong>zu</strong></span> <span class='ocrx_word' id='word_1_202' title='bbox 2055 2565 2390 2628; x_wconf 82' lang='lat' dir='ltr'><strong>verwerfen,</strong></span> <span class='ocrx_word' id='word_1_203' title='bbox 2425 2566 2557 2622; x_wconf 90' lang='lat' dir='ltr'><strong>aber</strong></span> <span class='ocrx_word' id='word_1_204' title='bbox 2592 2565 2707 2621; x_wconf 61' lang='lat' dir='ltr'><strong>Ge-</strong></span> 
     </span>
     <span class='ocr_line' id='line_1_25' title="bbox 1622 2632 2700 2702; baseline -0.001 -11"><span class='ocrx_word' id='word_1_205' title='bbox 1622 2650 1896 2702; x_wconf 81' lang='lat' dir='ltr'><strong>genvorsc</strong></span> <span class='ocrx_word' id='word_1_206' title='bbox 1934 2633 2060 2702; x_wconf 78' lang='lat' dir='ltr'><strong>lage</strong></span> <span class='ocrx_word' id='word_1_207' title='bbox 2080 2632 2258 2690; x_wconf 72' lang='lat' dir='ltr'><strong>ebeni.</strong></span> <span class='ocrx_word' id='word_1_208' title='bbox 2278 2632 2555 2690; x_wconf 87' lang='lat' dir='ltr'><strong>unsicher.</strong></span> <span class='ocrx_word' id='word_1_209' title='bbox 2598 2649 2700 2690; x_wconf 83' lang='lat' dir='ltr'><strong>su-</strong></span> 
     </span>
     <span class='ocr_line' id='line_1_26' title="bbox 1618 2700 2699 2826; baseline -0.003 0"><span class='ocrx_word' id='word_1_210' title='bbox 1618 2700 2699 2826; x_wconf 54' lang='lat' dir='ltr'><strong>³⁹s⁰fe⁸÷ss²1²ii10¹ffiz¹ffiffet‘sssslssvfissssssw‘lssff</strong></span> 
     </span>
     <span class='ocr_line' id='line_1_27' title="bbox 1626 2813 2698 2902; baseline -0.001 -9"><span class='ocrx_word' id='word_1_211' title='bbox 1626 2845 1819 2902; x_wconf 85' lang='lat' dir='ltr'><strong>tetem,</strong></span> <span class='ocrx_word' id='word_1_212' title='bbox 1850 2837 1946 2893; x_wconf 91' lang='lat' dir='ltr'><strong>das</strong></span> <span class='ocrx_word' id='word_1_213' title='bbox 1979 2813 2408 2894; x_wconf 68' lang='lat' dir='ltr'><strong>Betroffensein’</strong></span> <span class='ocrx_word' id='word_1_214' title='bbox 2451 2864 2517 2874; x_wconf 86' lang='lat'>—</span> <span class='ocrx_word' id='word_1_215' title='bbox 2561 2836 2698 2892; x_wconf 86' lang='lat' dir='ltr'><strong>oder</strong></span> 
     </span>
    </p>
   </div>
   <div class='ocr_carea' id='block_1_6' title="bbox 442 2498 1520 2896">
    <p class='ocr_par' dir='ltr' id='par_1_6' title="bbox 442 2498 1520 2691">
     <span class='ocr_line' id='line_1_28' title="bbox 443 2498 1517 2568; baseline 0.004 -13"><span class='ocrx_word' id='word_1_216' title='bbox 443 2506 495 2568; x_wconf 84' lang='grc'><strong>2,</strong></span> <span class='ocrx_word' id='word_1_217' title='bbox 508 2504 600 2556; x_wconf 80' lang='lat'><strong>37:</strong></span> <span class='ocrx_word' id='word_1_218' title='bbox 622 2500 712 2555; x_wconf 91' lang='lat' dir='ltr'><strong>hic</strong></span> <span class='ocrx_word' id='word_1_219' title='bbox 731 2498 1063 2555; x_wconf 88' lang='lat' dir='ltr'><strong>admirabilis</strong></span> <span class='ocrx_word' id='word_1_220' title='bbox 1084 2499 1220 2555; x_wconf 86' lang='lat' dir='ltr'><strong>caeli</strong></span> <span class='ocrx_word' id='word_1_221' title='bbox 1239 2505 1484 2555; x_wconf 82' lang='lat' dir='ltr'><strong>ornatus</strong></span> <span class='ocrx_word' id='word_1_222' title='bbox 1496 2521 1517 2560; x_wconf 91' lang='grc'><strong><em>;</em></strong></span> 
     </span>
     <span class='ocr_line' id='line_1_29' title="bbox 442 2565 1517 2632; baseline -0.004 -10"><span class='ocrx_word' id='word_1_223' title='bbox 442 2574 503 2632; x_wconf 88' lang='grc'><strong>2,</strong></span> <span class='ocrx_word' id='word_1_224' title='bbox 527 2571 620 2622; x_wconf 82' lang='lat'><strong>44:</strong></span> <span class='ocrx_word' id='word_1_225' title='bbox 653 2568 745 2622; x_wconf 89' lang='lat' dir='ltr'><strong>hic</strong></span> <span class='ocrx_word' id='word_1_226' title='bbox 776 2573 962 2622; x_wconf 87' lang='lat' dir='ltr'><strong>tantus</strong></span> <span class='ocrx_word' id='word_1_227' title='bbox 989 2565 1126 2621; x_wconf 90' lang='lat' dir='ltr'><strong>caeli</strong></span> <span class='ocrx_word' id='word_1_228' title='bbox 1158 2573 1402 2623; x_wconf 83' lang='lat' dir='ltr'><strong>ornatus</strong></span> <span class='ocrx_word' id='word_1_229' title='bbox 1413 2590 1433 2628; x_wconf 92' lang='lat'><strong>,·</strong></span> <span class='ocrx_word' id='word_1_230' title='bbox 1465 2571 1517 2628; x_wconf 85' lang='grc'><strong>2,</strong></span> 
     </span>
     <span class='ocr_line' id='line_1_30' title="bbox 445 2633 1520 2691; baseline -0.001 -2"><span class='ocrx_word' id='word_1_231' title='bbox 445 2641 511 2690; x_wconf 83' lang='grc'><strong>37</strong></span> <span class='ocrx_word' id='word_1_232' title='bbox 555 2635 703 2690; x_wconf 85' lang='lat' dir='ltr'><strong>init.:</strong></span> <span class='ocrx_word' id='word_1_233' title='bbox 757 2633 996 2689; x_wconf 87' lang='lat' dir='ltr'><strong>mundus</strong></span> <span class='ocrx_word' id='word_1_234' title='bbox 1030 2636 1437 2691; x_wconf 82' lang='lat' dir='ltr'><strong>ornatissimus</strong></span> <span class='ocrx_word' id='word_1_235' title='bbox 1463 2641 1520 2689; x_wconf 88' lang='lat' dir='ltr'><strong>et</strong></span> 
     </span>
    </p>

    <p class='ocr_par' dir='ltr' id='par_1_7' title="bbox 443 2699 1520 2896">
     <span class='ocr_line' id='line_1_31' title="bbox 485 2699 1519 2765; baseline -0.002 -6"><span class='ocrx_word' id='word_1_236' title='bbox 485 2701 881 2759; x_wconf 75' lang='lat' dir='ltr'><strong>ulcherrimus:</strong></span> <span class='ocrx_word' id='word_1_237' title='bbox 920 2729 982 2738; x_wconf 91' lang='lat'><strong>—</strong></span> <span class='ocrx_word' id='word_1_238' title='bbox 1033 2701 1118 2765; x_wconf 88' lang='lat'><strong>14)</strong></span> <span class='ocrx_word' id='word_1_239' title='bbox 1152 2699 1281 2757; x_wconf 91' lang='lat' dir='ltr'><strong>Ueb.</strong></span> <span class='ocrx_word' id='word_1_240' title='bbox 1306 2702 1358 2758; x_wconf 88' lang='lat' dir='ltr'><strong>d.</strong></span> <span class='ocrx_word' id='word_1_241' title='bbox 1382 2702 1519 2758; x_wconf 90' lang='lat' dir='ltr'><strong>Ver-</strong></span> 
     </span>
     <span class='ocr_line' id='line_1_32' title="bbox 443 2721 1519 2838; baseline -0.003 -11"><span class='ocrx_word' id='word_1_242' title='bbox 443 2721 678 2827; x_wconf 55' lang='lat' dir='ltr'><strong>fieltniss</strong></span> <span class='ocrx_word' id='word_1_243' title='bbox 701 2770 795 2825; x_wconf 85' lang='lat' dir='ltr'><strong>des</strong></span> <span class='ocrx_word' id='word_1_244' title='bbox 816 2769 962 2824; x_wconf 86' lang='lat' dir='ltr'><strong>deus</strong></span> <span class='ocrx_word' id='word_1_245' title='bbox 980 2784 1047 2823; x_wconf 91' lang='lat' dir='ltr'><strong>zu</strong></span> <span class='ocrx_word' id='word_1_246' title='bbox 1067 2767 1118 2825; x_wconf 88' lang='lat' dir='ltr'><strong>d.</strong></span> <span class='ocrx_word' id='word_1_247' title='bbox 1139 2769 1226 2824; x_wconf 83' lang='lat' dir='ltr'><strong>dii</strong></span> <span class='ocrx_word' id='word_1_248' title='bbox 1244 2769 1425 2838; x_wconf 85' lang='lat' dir='ltr'><strong>vgl.A.</strong></span> <span class='ocrx_word' id='word_1_249' title='bbox 1440 2774 1519 2824; x_wconf 87' lang='lat'><strong>10.</strong></span> 
     </span>
     <span class='ocr_line' id='line_1_33' title="bbox 445 2835 1520 2896; baseline -0.001 -2"><span class='ocrx_word' id='word_1_250' title='bbox 445 2869 510 2878; x_wconf 91' lang='lat'><strong>—-</strong></span> <span class='ocrx_word' id='word_1_251' title='bbox 535 2839 745 2896; x_wconf 82' lang='lat' dir='ltr'><strong>iudicio</strong></span> <span class='ocrx_word' id='word_1_252' title='bbox 777 2866 836 2873; x_wconf 94' lang='lat'>—</span> <span class='ocrx_word' id='word_1_253' title='bbox 860 2836 982 2892; x_wconf 88' lang='lat' dir='ltr'><strong>and.</strong></span> <span class='ocrx_word' id='word_1_254' title='bbox 1005 2835 1221 2892; x_wconf 89' lang='lat' dir='ltr'><strong>Lesart:</strong></span> <span class='ocrx_word' id='word_1_255' title='bbox 1258 2840 1320 2893; x_wconf 82' lang='lat' dir='ltr'><strong>in</strong></span> <span class='ocrx_word' id='word_1_256' title='bbox 1343 2839 1520 2894; x_wconf 82' lang='lat' dir='ltr'><strong>dicio-</strong></span> 
     </span>
    </p>
   </div>
   <div class='ocr_carea' id='block_1_7' title="bbox 444 2904 1524 3654">
    <p class='ocr_par' dir='ltr' id='par_1_8' title="bbox 444 2904 1524 3654">
     <span class='ocr_line' id='line_1_34' title="bbox 446 2904 1521 2973; baseline -0.002 -10"><span class='ocrx_word' id='word_1_257' title='bbox 446 2924 547 2973; x_wconf 78' lang='lat' dir='ltr'><strong>ne,</strong></span> <span class='ocrx_word' id='word_1_258' title='bbox 595 2904 783 2961; x_wconf 67' lang='lat' dir='ltr'><strong>wobvi</strong></span> <span class='ocrx_word' id='word_1_259' title='bbox 828 2904 927 2961; x_wconf 89' lang='lat' dir='ltr'><strong>der</strong></span> <span class='ocrx_word' id='word_1_260' title='bbox 957 2904 1154 2962; x_wconf 88' lang='lat' dir='ltr'><strong>Zusatz</strong></span> <span class='ocrx_word' id='word_1_261' title='bbox 1189 2907 1252 2962; x_wconf 81' lang='lat' dir='ltr'><strong>in</strong></span> <span class='ocrx_word' id='word_1_262' title='bbox 1285 2909 1430 2962; x_wconf 74' lang='lat' dir='ltr'><strong>stort</strong></span> <span class='ocrx_word' id='word_1_263' title='bbox 1465 2922 1521 2962; x_wconf 90' lang='lat' dir='ltr'><strong>u.</strong></span> 
     </span>
     <span class='ocr_line' id='line_1_35' title="bbox 445 2974 1520 3052; baseline 0 -21"><span class='ocrx_word' id='word_1_264' title='bbox 445 2976 599 3032; x_wconf 87' lang='lat' dir='ltr'><strong>nicht</strong></span> <span class='ocrx_word' id='word_1_265' title='bbox 625 2990 694 3029; x_wconf 90' lang='lat' dir='ltr'><strong>zu</strong></span> <span class='ocrx_word' id='word_1_266' title='bbox 720 2975 950 3029; x_wconf 75' lang='lat' dir='ltr'><strong>numine</strong></span> <span class='ocrx_word' id='word_1_267' title='bbox 970 2980 1141 3052; x_wconf 79' lang='lat' dir='ltr'><strong>passt.</strong></span> <span class='ocrx_word' id='word_1_268' title='bbox 1168 3002 1233 3011; x_wconf 92' lang='lat'><strong>—-</strong></span> <span class='ocrx_word' id='word_1_269' title='bbox 1261 2974 1345 3038; x_wconf 80' lang='lat'><strong>15)</strong></span> <span class='ocrx_word' id='word_1_270' title='bbox 1371 2976 1433 3029; x_wconf 84' lang='lat' dir='ltr'><strong>in</strong></span> <span class='ocrx_word' id='word_1_271' title='bbox 1455 2989 1520 3031; x_wconf 83' lang='lat' dir='ltr'><strong>se</strong></span> 
     </span>
     <span class='ocr_line' id='line_1_36' title="bbox 447 3038 1520 3103; baseline -0.005 -3"><span class='ocrx_word' id='word_1_272' title='bbox 447 3045 745 3100; x_wconf 77' lang='lat' dir='ltr'><strong>admittere</strong></span> <span class='ocrx_word' id='word_1_273' title='bbox 797 3069 852 3078; x_wconf 97' lang='lat'><strong>—</strong></span> <span class='ocrx_word' id='word_1_274' title='bbox 908 3040 1071 3103; x_wconf 81' lang='lat' dir='ltr'><strong>„sich</strong></span> <span class='ocrx_word' id='word_1_275' title='bbox 1123 3057 1191 3096; x_wconf 91' lang='lat' dir='ltr'><strong>zu</strong></span> <span class='ocrx_word' id='word_1_276' title='bbox 1240 3038 1520 3098; x_wconf 89' lang='lat' dir='ltr'><strong>Schulden</strong></span> 
     </span>
     <span class='ocr_line' id='line_1_37' title="bbox 444 3107 1520 3176; baseline -0.002 -9"><span class='ocrx_word' id='word_1_277' title='bbox 444 3110 703 3167; x_wconf 86' lang='lat' dir='ltr'><strong>kommen</strong></span> <span class='ocrx_word' id='word_1_278' title='bbox 728 3109 963 3171; x_wconf 86' lang='lat' dir='ltr'><strong>lassen“,</strong></span> <span class='ocrx_word' id='word_1_279' title='bbox 988 3108 1172 3176; x_wconf 82' lang='lat' dir='ltr'><strong>passiv</strong></span> <span class='ocrx_word' id='word_1_280' title='bbox 1198 3107 1320 3164; x_wconf 91' lang='lat' dir='ltr'><strong>dem</strong></span> <span class='ocrx_word' id='word_1_281' title='bbox 1347 3124 1520 3176; x_wconf 61' lang='lat' dir='ltr'><strong>affere</strong></span> 
     </span>
     <span class='ocr_line' id='line_1_38' title="bbox 446 3175 1519 3248; baseline -0.002 -14"><span class='ocrx_word' id='word_1_282' title='bbox 446 3175 1010 3248; x_wconf 76' lang='lat' dir='ltr'><strong>gegenfibergestellt,</strong></span> <span class='ocrx_word' id='word_1_283' title='bbox 1038 3175 1200 3233; x_wconf 85' lang='lat' dir='ltr'><strong>Caes.</strong></span> <span class='ocrx_word' id='word_1_284' title='bbox 1222 3175 1277 3230; x_wconf 88' lang='lat' dir='ltr'><strong>B.</strong></span> <span class='ocrx_word' id='word_1_285' title='bbox 1305 3176 1364 3232; x_wconf 89' lang='lat' dir='ltr'><strong>G.</strong></span> <span class='ocrx_word' id='word_1_286' title='bbox 1388 3182 1437 3239; x_wconf 86' lang='lat'><strong>3,</strong></span> <span class='ocrx_word' id='word_1_287' title='bbox 1460 3180 1519 3232; x_wconf 86' lang='lat'><strong>9:</strong></span> 
     </span>
     <span class='ocr_line' id='line_1_39' title="bbox 446 3241 1521 3315; baseline 0 -14"><span class='ocrx_word' id='word_1_288' title='bbox 446 3252 714 3315; x_wconf 86' lang='lat' dir='ltr'><strong>quantum</strong></span> <span class='ocrx_word' id='word_1_289' title='bbox 734 3245 796 3298; x_wconf 84' lang='lat' dir='ltr'><strong>in</strong></span> <span class='ocrx_word' id='word_1_290' title='bbox 814 3258 876 3299; x_wconf 88' lang='lat' dir='ltr'><strong>se</strong></span> <span class='ocrx_word' id='word_1_291' title='bbox 895 3241 1107 3298; x_wconf 86' lang='lat' dir='ltr'><strong>facinus</strong></span> <span class='ocrx_word' id='word_1_292' title='bbox 1137 3244 1521 3302; x_wconf 82' lang='lat' dir='ltr'><strong>admisissent.</strong></span> 
     </span>
     <span class='ocr_line' id='line_1_40' title="bbox 446 3310 1523 3376; baseline 0.006 -14"><span class='ocrx_word' id='word_1_293' title='bbox 446 3341 513 3350; x_wconf 88' lang='lat'><strong>--</strong></span> <span class='ocrx_word' id='word_1_294' title='bbox 540 3313 625 3376; x_wconf 84' lang='lat'><strong>16)</strong></span> <span class='ocrx_word' id='word_1_295' title='bbox 650 3311 745 3365; x_wconf 79' lang='lat' dir='ltr'><strong>his</strong></span> <span class='ocrx_word' id='word_1_296' title='bbox 769 3311 943 3366; x_wconf 86' lang='lat' dir='ltr'><strong>rebus</strong></span> <span class='ocrx_word' id='word_1_297' title='bbox 967 3310 1094 3365; x_wconf 87' lang='lat' dir='ltr'><strong>imb.</strong></span> <span class='ocrx_word' id='word_1_298' title='bbox 1127 3340 1195 3348; x_wconf 82' lang='lat'><strong>—-</strong></span> <span class='ocrx_word' id='word_1_299' title='bbox 1229 3313 1523 3374; x_wconf 81' lang='lat' dir='ltr'><strong>„vonsol-</strong></span> 
     </span>
     <span class='ocr_line' id='line_1_41' title="bbox 448 3376 1524 3442; baseline -0.001 -6"><span class='ocrx_word' id='word_1_300' title='bbox 448 3382 589 3436; x_wconf 89' lang='lat' dir='ltr'><strong>chen</strong></span> <span class='ocrx_word' id='word_1_301' title='bbox 615 3376 934 3433; x_wconf 89' lang='lat' dir='ltr'><strong>Vorstellun</strong></span> <span class='ocrx_word' id='word_1_302' title='bbox 977 3393 1045 3434; x_wconf 89' lang='lat' dir='ltr'><strong>en</strong></span> <span class='ocrx_word' id='word_1_303' title='bbox 1070 3376 1321 3442; x_wconf 79' lang='lat' dir='ltr'><strong>erfdllt“,</strong></span> <span class='ocrx_word' id='word_1_304' title='bbox 1348 3396 1415 3434; x_wconf 90' lang='lat' dir='ltr'><strong>an</strong></span> <span class='ocrx_word' id='word_1_305' title='bbox 1440 3381 1524 3436; x_wconf 88' lang='lat' dir='ltr'><strong>sie</strong></span> 
     </span>
     <span class='ocr_line' id='line_1_42' title="bbox 447 3445 1521 3518; baseline -0.002 -14"><span class='ocrx_word' id='word_1_306' title='bbox 447 3446 715 3518; x_wconf 75' lang='lat' dir='ltr'><strong>gewdhnt</strong></span> <span class='ocrx_word' id='word_1_307' title='bbox 749 3463 804 3501; x_wconf 91' lang='lat' dir='ltr'><strong>u.</strong></span> <span class='ocrx_word' id='word_1_308' title='bbox 836 3445 893 3500; x_wconf 90' lang='lat' dir='ltr'><strong>in</strong></span> <span class='ocrx_word' id='word_1_309' title='bbox 928 3445 947 3499; x_wconf 90' lang='lat' dir='ltr'><strong>i</strong></span> <span class='ocrx_word' id='word_1_310' title='bbox 988 3461 1095 3501; x_wconf 90' lang='lat' dir='ltr'><strong>nen</strong></span> <span class='ocrx_word' id='word_1_311' title='bbox 1129 3447 1521 3511; x_wconf 87' lang='lat' dir='ltr'><strong>unterwiesen,</strong></span> 
     </span>
     <span class='ocr_line' id='line_1_43' title="bbox 446 3511 1522 3582; baseline 0 -11"><span class='ocrx_word' id='word_1_312' title='bbox 446 3532 572 3571; x_wconf 91' lang='lat' dir='ltr'><strong>vom</strong></span> <span class='ocrx_word' id='word_1_313' title='bbox 632 3520 818 3582; x_wconf 85' lang='lat' dir='ltr'><strong>gesetz</strong></span> <span class='ocrx_word' id='word_1_314' title='bbox 861 3511 1185 3569; x_wconf 88' lang='lat' dir='ltr'><strong>eberischen</strong></span> <span class='ocrx_word' id='word_1_315' title='bbox 1243 3513 1522 3571; x_wconf 88' lang='lat' dir='ltr'><strong>Gesichts·</strong></span> 
     </span>
     <span class='ocr_line' id='line_1_44' title="bbox 446 3579 1520 3654; baseline 0 -16"><span class='ocrx_word' id='word_1_316' title='bbox 446 3582 657 3654; x_wconf 88' lang='lat' dir='ltr'><strong>punkte</strong></span> <span class='ocrx_word' id='word_1_317' title='bbox 681 3599 780 3638; x_wconf 89' lang='lat' dir='ltr'><strong>aus</strong></span> <span class='ocrx_word' id='word_1_318' title='bbox 853 3581 905 3637; x_wconf 91' lang='lat' dir='ltr'><strong>ie</strong></span> <span class='ocrx_word' id='word_1_319' title='bbox 927 3579 1183 3650; x_wconf 82' lang='lat' dir='ltr'><strong>Religion</strong></span> <span class='ocrx_word' id='word_1_320' title='bbox 1217 3581 1297 3638; x_wconf 88' lang='lat' dir='ltr'><strong>als</strong></span> <span class='ocrx_word' id='word_1_321' title='bbox 1324 3582 1520 3638; x_wconf 88' lang='lat' dir='ltr'><strong>Werk-</strong></span> 
     </span>
    </p>
   </div>
   <div class='ocr_carea' id='block_1_8' title="bbox 332 3647 1520 3717">
    <p class='ocr_par' dir='ltr' id='par_1_9' title="bbox 332 3647 1520 3717">
     <span class='ocr_line' id='line_1_45' title="bbox 332 3647 1520 3717; baseline 0 -11"><span class='ocrx_word' id='word_1_322' title='bbox 332 3710 335 3713; x_wconf 60' lang='grc'>,</span> <span class='ocrx_word' id='word_1_323' title='bbox 448 3665 589 3717; x_wconf 83' lang='lat' dir='ltr'><strong>zeug</strong></span> <span class='ocrx_word' id='word_1_324' title='bbox 613 3649 710 3705; x_wconf 90' lang='lat' dir='ltr'><strong>der</strong></span> <span class='ocrx_word' id='word_1_325' title='bbox 734 3648 937 3705; x_wconf 86' lang='lat' dir='ltr'><strong>Politik</strong></span> <span class='ocrx_word' id='word_1_326' title='bbox 962 3647 1288 3707; x_wconf 87' lang='lat' dir='ltr'><strong>hetrachtet.</strong></span> <span class='ocrx_word' id='word_1_327' title='bbox 1322 3680 1387 3689; x_wconf 91' lang='lat'><em>-</em></span> <span class='ocrx_word' id='word_1_328' title='bbox 1423 3652 1520 3706; x_wconf 85' lang='lat' dir='ltr'><strong>ab-</strong></span> 
     </span>
    </p>
   </div>
   <div class='ocr_carea' id='block_1_9' title="bbox 441 3716 1521 4328">
    <p class='ocr_par' dir='ltr' id='par_1_10' title="bbox 446 3716 1518 3781">
     <span class='ocr_line' id='line_1_46' title="bbox 446 3716 1518 3781; baseline 0 -7"><span class='ocrx_word' id='word_1_329' title='bbox 446 3720 692 3774; x_wconf 75' lang='lat' dir='ltr'><strong>horrere</strong></span> <span class='ocrx_word' id='word_1_330' title='bbox 717 3735 753 3771; x_wconf 90' lang='lat' dir='ltr'><strong><em>a</em></strong></span> <span class='ocrx_word' id='word_1_331' title='bbox 776 3716 1153 3781; x_wconf 87' lang='lat' dir='ltr'><strong>„ahweichen,</strong></span> <span class='ocrx_word' id='word_1_332' title='bbox 1179 3717 1518 3775; x_wconf 85' lang='lat' dir='ltr'><strong>verfehlen“.</strong></span> 
     </span>
    </p>

    <p class='ocr_par' dir='ltr' id='par_1_11' title="bbox 441 3784 1521 4328">
     <span class='ocr_line' id='line_1_47' title="bbox 517 3784 1519 3851; baseline 0.003 -12"><span class='ocrx_word' id='word_1_333' title='bbox 517 3786 568 3851; x_wconf 87' lang='lat'><strong>1)</strong></span> <span class='ocrx_word' id='word_1_334' title='bbox 594 3784 783 3841; x_wconf 80' lang='lat' dir='ltr'><strong>colere</strong></span> <span class='ocrx_word' id='word_1_335' title='bbox 805 3813 871 3822; x_wconf 95' lang='lat'><strong>—</strong></span> <span class='ocrx_word' id='word_1_336' title='bbox 898 3784 1185 3849; x_wconf 84' lang='lat' dir='ltr'><strong>„dienen·‘,</strong></span> <span class='ocrx_word' id='word_1_337' title='bbox 1223 3785 1310 3841; x_wconf 88' lang='lat' dir='ltr'><strong>die</strong></span> <span class='ocrx_word' id='word_1_338' title='bbox 1335 3788 1389 3841; x_wconf 91' lang='lat' dir='ltr'><strong>in</strong></span> <span class='ocrx_word' id='word_1_339' title='bbox 1417 3785 1519 3842; x_wconf 89' lang='lat' dir='ltr'><strong>Ge-</strong></span> 
     </span>
     <span class='ocr_line' id='line_1_48' title="bbox 446 3850 1520 3925; baseline 0 -15"><span class='ocrx_word' id='word_1_340' title='bbox 446 3850 638 3919; x_wconf 79' lang='lat' dir='ltr'><strong>beten,</strong></span> <span class='ocrx_word' id='word_1_341' title='bbox 665 3851 872 3925; x_wconf 85' lang='lat' dir='ltr'><strong>Opfern</strong></span> <span class='ocrx_word' id='word_1_342' title='bbox 896 3870 951 3909; x_wconf 90' lang='lat' dir='ltr'><strong>u.</strong></span> <span class='ocrx_word' id='word_1_343' title='bbox 970 3858 1017 3909; x_wconf 71' lang='lat' dir='ltr'><strong>a.</strong></span> <span class='ocrx_word' id='word_1_344' title='bbox 1052 3851 1329 3909; x_wconf 86' lang='lat' dir='ltr'><strong>sichtbare</strong></span> <span class='ocrx_word' id='word_1_345' title='bbox 1347 3852 1520 3922; x_wconf 85' lang='lat' dir='ltr'><strong>Folge</strong></span> 
     </span>
     <span class='ocr_line' id='line_1_49' title="bbox 448 3920 1520 3985; baseline -0.001 -8"><span class='ocrx_word' id='word_1_346' title='bbox 448 3922 544 3977; x_wconf 88' lang='lat' dir='ltr'><strong>des</strong></span> <span class='ocrx_word' id='word_1_347' title='bbox 580 3922 853 3977; x_wconf 83' lang='lat' dir='ltr'><strong>venerari</strong></span> <span class='ocrx_word' id='word_1_348' title='bbox 858 3943 880 3982; x_wconf 91' lang='lat'><strong>,·</strong></span> <span class='ocrx_word' id='word_1_349' title='bbox 928 3920 1119 3977; x_wconf 82' lang='lat' dir='ltr'><strong>cultus</strong></span> <span class='ocrx_word' id='word_1_350' title='bbox 1161 3921 1215 3976; x_wconf 83' lang='lat' dir='ltr'><strong>d.</strong></span> <span class='ocrx_word' id='word_1_351' title='bbox 1253 3920 1520 3985; x_wconf 84' lang='lat' dir='ltr'><strong>„Gottes-</strong></span> 
     </span>
     <span class='ocr_line' id='line_1_50' title="bbox 444 3986 1519 4069; baseline 0 -25"><span class='ocrx_word' id='word_1_352' title='bbox 444 3989 665 4069; x_wconf 77' lang='lat' dir='ltr'><strong>dienst“</strong></span> <span class='ocrx_word' id='word_1_353' title='bbox 689 3986 864 4068; x_wconf 67' lang='grc' dir='ltr'><strong>(Επεὶ.</strong></span> <span class='ocrx_word' id='word_1_354' title='bbox 880 3988 1174 4066; x_wconf 75' lang='lat' dir='ltr'><strong>worship).</strong></span> <span class='ocrx_word' id='word_1_355' title='bbox 1201 4017 1267 4026; x_wconf 95' lang='lat'><strong>—</strong></span> <span class='ocrx_word' id='word_1_356' title='bbox 1291 3989 1343 4054; x_wconf 90' lang='grc'><strong>2)</strong></span> <span class='ocrx_word' id='word_1_357' title='bbox 1368 3994 1432 4045; x_wconf 83' lang='lat' dir='ltr'><strong>ut</strong></span> <span class='ocrx_word' id='word_1_358' title='bbox 1454 4017 1519 4028; x_wconf 91' lang='lat'>-</span> 
     </span>
     <span class='ocr_line' id='line_1_51' title="bbox 442 4054 1520 4137; baseline 0 -25"><span class='ocrx_word' id='word_1_359' title='bbox 442 4072 482 4112; x_wconf 85' lang='lat'><strong>1.</strong></span> <span class='ocrx_word' id='word_1_360' title='bbox 509 4073 555 4111; x_wconf 85' lang='lat' dir='ltr'><strong>e.</strong></span> <span class='ocrx_word' id='word_1_361' title='bbox 579 4071 656 4119; x_wconf 91' lang='lat' dir='ltr'><strong>1s,</strong></span> <span class='ocrx_word' id='word_1_362' title='bbox 683 4054 952 4111; x_wconf 78' lang='lat' dir='ltr'><strong>eiusmodi</strong></span> <span class='ocrx_word' id='word_1_363' title='bbox 979 4060 1068 4117; x_wconf 85' lang='lat' dir='ltr'><strong>ut‚·</strong></span> <span class='ocrx_word' id='word_1_364' title='bbox 1105 4073 1264 4122; x_wconf 81' lang='lat' dir='ltr'><strong>pura</strong></span> <span class='ocrx_word' id='word_1_365' title='bbox 1286 4085 1350 4095; x_wconf 94' lang='lat'>—</span> <span class='ocrx_word' id='word_1_366' title='bbox 1376 4060 1520 4137; x_wconf 73' lang='lat' dir='ltr'><strong>inte-</strong></span> 
     </span>
     <span class='ocr_line' id='line_1_52' title="bbox 443 4121 1521 4260; baseline 0.003 -15"><span class='ocrx_word' id='word_1_367' title='bbox 443 4121 1149 4258; x_wconf 53' lang='lat'><strong>&amp;320213-5‘3‘41933022332</strong></span> <span class='ocrx_word' id='word_1_368' title='bbox 1173 4121 1521 4260; x_wconf 47' lang='lat' dir='ltr'><strong>{igit-522&amp;</strong></span> 
     </span>
     <span class='ocr_line' id='line_1_53' title="bbox 441 4254 1519 4328; baseline 0.003 -16"><span class='ocrx_word' id='word_1_369' title='bbox 441 4285 510 4328; x_wconf 30' lang='lat'><strong>.—</strong></span> <span class='ocrx_word' id='word_1_370' title='bbox 536 4257 734 4313; x_wconf 87' lang='lat' dir='ltr'><strong>anders</strong></span> <span class='ocrx_word' id='word_1_371' title='bbox 760 4256 840 4313; x_wconf 86' lang='lat' dir='ltr'><strong>als</strong></span> <span class='ocrx_word' id='word_1_372' title='bbox 875 4254 956 4313; x_wconf 88' lang='lat' dir='ltr'><strong>St.</strong></span> <span class='ocrx_word' id='word_1_373' title='bbox 983 4263 1111 4322; x_wconf 90' lang='lat'><strong>1,1.</strong></span> <span class='ocrx_word' id='word_1_374' title='bbox 1157 4288 1224 4297; x_wconf 89' lang='lat'>—</span> <span class='ocrx_word' id='word_1_375' title='bbox 1272 4262 1324 4324; x_wconf 86' lang='grc'><strong>3)</strong></span> <span class='ocrx_word' id='word_1_376' title='bbox 1359 4260 1519 4316; x_wconf 90' lang='lat' dir='ltr'><strong>Diese</strong></span> 
     </span>
    </p>
   </div>
   <div class='ocr_carea' id='block_1_10' title="bbox 1617 2902 2784 4327">
    <p class='ocr_par' dir='ltr' id='par_1_12' title="bbox 1617 2902 2784 4327">
     <span class='ocr_line' id='line_1_54' title="bbox 1624 2902 2702 2962; baseline -0.002 -1"><span class='ocrx_word' id='word_1_377' title='bbox 1624 2906 1738 2961; x_wconf 77' lang='lat' dir='ltr'><strong>‘ein</strong></span> <span class='ocrx_word' id='word_1_378' title='bbox 1762 2905 1852 2962; x_wconf 86' lang='lat' dir='ltr'><strong>bei</strong></span> <span class='ocrx_word' id='word_1_379' title='bbox 1876 2905 2142 2961; x_wconf 89' lang='lat' dir='ltr'><strong>manchen</strong></span> <span class='ocrx_word' id='word_1_380' title='bbox 2167 2904 2460 2962; x_wconf 83' lang='lat' dir='ltr'><strong>Menschen</strong></span> <span class='ocrx_word' id='word_1_381' title='bbox 2485 2902 2702 2960; x_wconf 83' lang='lat' dir='ltr'><strong>forthe-</strong></span> 
     </span>
     <span class='ocr_line' id='line_1_55' title="bbox 1624 2972 2706 3034; baseline -0.002 -6"><span class='ocrx_word' id='word_1_382' title='bbox 1624 2972 1919 3030; x_wconf 87' lang='lat' dir='ltr'><strong>stehendes</strong></span> <span class='ocrx_word' id='word_1_383' title='bbox 1932 2973 2239 3029; x_wconf 90' lang='lat' dir='ltr'><strong>Verharren</strong></span> <span class='ocrx_word' id='word_1_384' title='bbox 2265 2972 2354 3028; x_wconf 90' lang='lat' dir='ltr'><strong>bei</strong></span> <span class='ocrx_word' id='word_1_385' title='bbox 2379 2972 2706 3034; x_wconf 73' lang='lat' dir='ltr'><strong>Ansichten,</strong></span> 
     </span>
     <span class='ocr_line' id='line_1_56' title="bbox 1622 3039 2698 3108; baseline -0.002 -12"><span class='ocrx_word' id='word_1_386' title='bbox 1622 3040 1838 3097; x_wconf 81' lang='lat' dir='ltr'><strong>welche</strong></span> <span class='ocrx_word' id='word_1_387' title='bbox 1895 3039 1984 3096; x_wconf 89' lang='lat' dir='ltr'><strong>die</strong></span> <span class='ocrx_word' id='word_1_388' title='bbox 2040 3040 2437 3108; x_wconf 74' lang='lat' dir='ltr'><strong>Verstandigen</strong></span> <span class='ocrx_word' id='word_1_389' title='bbox 2502 3039 2698 3096; x_wconf 79' lang='lat' dir='ltr'><strong>fahren</strong></span> 
     </span>
     <span class='ocr_line' id='line_1_57' title="bbox 1623 3107 2700 3176; baseline 0.002 -13"><span class='ocrx_word' id='word_1_390' title='bbox 1623 3107 1837 3165; x_wconf 90' lang='lat' dir='ltr'><strong>lassen’</strong></span> <span class='ocrx_word' id='word_1_391' title='bbox 1875 3109 2115 3174; x_wconf 86' lang='lat' dir='ltr'><strong>(Grimm</strong></span> <span class='ocrx_word' id='word_1_392' title='bbox 2139 3108 2308 3176; x_wconf 79' lang='lat' dir='ltr'><strong>Myth.</strong></span> <span class='ocrx_word' id='word_1_393' title='bbox 2334 3113 2389 3171; x_wconf 83' lang='lat'><strong>2,</strong></span> <span class='ocrx_word' id='word_1_394' title='bbox 2420 3108 2591 3172; x_wconf 81' lang='lat'><strong>1059).</strong></span> <span class='ocrx_word' id='word_1_395' title='bbox 2627 3133 2700 3145; x_wconf 91' lang='lat'>-</span> 
     </span>
     <span class='ocr_line' id='line_1_58' title="bbox 1617 3174 2699 3244; baseline -0.003 -12"><span class='ocrx_word' id='word_1_396' title='bbox 1617 3183 1738 3244; x_wconf 76' lang='lat' dir='ltr'><strong>pat.</strong></span> <span class='ocrx_word' id='word_1_397' title='bbox 1773 3178 1949 3234; x_wconf 83' lang='lat' dir='ltr'><strong>latius</strong></span> <span class='ocrx_word' id='word_1_398' title='bbox 1983 3205 2045 3214; x_wconf 93' lang='lat'><strong>—</strong></span> <span class='ocrx_word' id='word_1_399' title='bbox 2081 3176 2318 3240; x_wconf 90' lang='lat' dir='ltr'><strong>„weiter</strong></span> <span class='ocrx_word' id='word_1_400' title='bbox 2352 3193 2450 3234; x_wconf 92' lang='lat' dir='ltr'><strong>aus</strong></span> <span class='ocrx_word' id='word_1_401' title='bbox 2495 3174 2699 3231; x_wconf 88' lang='lat' dir='ltr'><strong>edehnt</strong></span> 
     </span>
     <span class='ocr_line' id='line_1_59' title="bbox 1622 3242 2701 3310; baseline -0.003 -10"><span class='ocrx_word' id='word_1_402' title='bbox 1622 3244 1879 3308; x_wconf 86' lang='lat' dir='ltr'><strong>werden,</strong></span> <span class='ocrx_word' id='word_1_403' title='bbox 1930 3245 2051 3300; x_wconf 91' lang='lat' dir='ltr'><strong>eine</strong></span> <span class='ocrx_word' id='word_1_404' title='bbox 2096 3244 2327 3300; x_wconf 87' lang='lat' dir='ltr'><strong>weitere</strong></span> <span class='ocrx_word' id='word_1_405' title='bbox 2373 3242 2446 3299; x_wconf 91' lang='lat' dir='ltr'><strong>Be</strong></span> <span class='ocrx_word' id='word_1_406' title='bbox 2487 3251 2701 3310; x_wconf 81' lang='lat' dir='ltr'><strong>eutung</strong></span> 
     </span>
     <span class='ocr_line' id='line_1_60' title="bbox 1626 3311 2704 3378; baseline -0.002 -11"><span class='ocrx_word' id='word_1_407' title='bbox 1626 3311 2006 3375; x_wconf 88' lang='lat' dir='ltr'><strong>bekommen“,</strong></span> <span class='ocrx_word' id='word_1_408' title='bbox 2040 3311 2147 3368; x_wconf 85' lang='lat' dir='ltr'><strong>inv.</strong></span> <span class='ocrx_word' id='word_1_409' title='bbox 2176 3316 2231 3374; x_wconf 88' lang='lat'><strong>1,</strong></span> <span class='ocrx_word' id='word_1_410' title='bbox 2256 3316 2348 3366; x_wconf 82' lang='lat'><strong>46:</strong></span> <span class='ocrx_word' id='word_1_411' title='bbox 2386 3312 2496 3366; x_wconf 89' lang='lat' dir='ltr'><strong>hoc</strong></span> <span class='ocrx_word' id='word_1_412' title='bbox 2520 3326 2704 3378; x_wconf 82' lang='lat' dir='ltr'><strong>genus</strong></span> 
     </span>
     <span class='ocr_line' id='line_1_61' title="bbox 1624 3378 2784 3450; baseline -0.003 -14"><span class='ocrx_word' id='word_1_413' title='bbox 1624 3381 1978 3436; x_wconf 86' lang='lat' dir='ltr'><strong>—·maiorem</strong></span> <span class='ocrx_word' id='word_1_414' title='bbox 2001 3379 2272 3450; x_wconf 85' lang='lat' dir='ltr'><strong>quandam</strong></span> <span class='ocrx_word' id='word_1_415' title='bbox 2307 3380 2416 3433; x_wconf 90' lang='lat' dir='ltr'><strong>vim</strong></span> <span class='ocrx_word' id='word_1_416' title='bbox 2449 3378 2706 3435; x_wconf 84' lang='lat' dir='ltr'><strong>continet</strong></span> <span class='ocrx_word' id='word_1_417' title='bbox 2781 3394 2784 3397; x_wconf 90' lang='lat'>·</span> 
     </span>
     <span class='ocr_line' id='line_1_62' title="bbox 1627 3445 2697 3515; baseline -0.003 -11"><span class='ocrx_word' id='word_1_418' title='bbox 1627 3455 1683 3504; x_wconf 90' lang='lat' dir='ltr'><strong>et</strong></span> <span class='ocrx_word' id='word_1_419' title='bbox 1707 3449 1882 3504; x_wconf 84' lang='lat' dir='ltr'><strong>latius</strong></span> <span class='ocrx_word' id='word_1_420' title='bbox 1901 3454 2078 3515; x_wconf 80' lang='lat' dir='ltr'><strong>patet.</strong></span> <span class='ocrx_word' id='word_1_421' title='bbox 2124 3476 2194 3486; x_wconf 94' lang='lat'><strong>—-</strong></span> <span class='ocrx_word' id='word_1_422' title='bbox 2244 3448 2297 3511; x_wconf 88' lang='lat'><strong>4)</strong></span> <span class='ocrx_word' id='word_1_423' title='bbox 2321 3445 2625 3513; x_wconf 84' lang='lat' dir='ltr'><strong>Ableitung</strong></span> <span class='ocrx_word' id='word_1_424' title='bbox 2647 3462 2697 3501; x_wconf 88' lang='lat' dir='ltr'><strong>v.</strong></span> 
     </span>
     <span class='ocr_line' id='line_1_63' title="bbox 1624 3514 2700 3584; baseline -0.002 -15"><span class='ocrx_word' id='word_1_425' title='bbox 1624 3517 1825 3584; x_wconf 71' lang='lat' dir='ltr'><strong>reliyio</strong></span> <span class='ocrx_word' id='word_1_426' title='bbox 1872 3533 1923 3572; x_wconf 89' lang='lat' dir='ltr'><strong>v.</strong></span> <span class='ocrx_word' id='word_1_427' title='bbox 1970 3515 2227 3583; x_wconf 69' lang='lat' dir='ltr'><strong>releqere</strong></span> <span class='ocrx_word' id='word_1_428' title='bbox 2268 3514 2700 3580; x_wconf 82' lang='lat' dir='ltr'><strong>(‚.wiedersam-</strong></span> 
     </span>
     <span class='ocr_line' id='line_1_64' title="bbox 1625 3580 2700 3648; baseline -0.003 -10"><span class='ocrx_word' id='word_1_429' title='bbox 1625 3582 1798 3647; x_wconf 90' lang='lat' dir='ltr'><strong>meln,</strong></span> <span class='ocrx_word' id='word_1_430' title='bbox 1831 3582 2280 3648; x_wconf 85' lang='lat' dir='ltr'><strong>durchdenken“)</strong></span> <span class='ocrx_word' id='word_1_431' title='bbox 2320 3610 2391 3620; x_wconf 88' lang='lat'><strong>—·</strong></span> <span class='ocrx_word' id='word_1_432' title='bbox 2434 3580 2518 3638; x_wconf 86' lang='lat' dir='ltr'><strong>fra</strong></span> <span class='ocrx_word' id='word_1_433' title='bbox 2557 3580 2700 3644; x_wconf 69' lang='lat' dir='ltr'><strong>lictu</strong></span> 
     </span>
     <span class='ocr_line' id='line_1_65' title="bbox 1624 3649 2698 3718; baseline -0.003 -13"><span class='ocrx_word' id='word_1_434' title='bbox 1624 3650 1816 3707; x_wconf 90' lang='lat' dir='ltr'><strong>besser</strong></span> <span class='ocrx_word' id='word_1_435' title='bbox 1840 3667 1948 3708; x_wconf 90' lang='lat' dir='ltr'><strong>von</strong></span> <span class='ocrx_word' id='word_1_436' title='bbox 1973 3652 2221 3718; x_wconf 68' lang='lat' dir='ltr'><strong>reliyare</strong></span> <span class='ocrx_word' id='word_1_437' title='bbox 2247 3651 2331 3715; x_wconf 92' lang='lat' dir='ltr'><strong>(so</strong></span> <span class='ocrx_word' id='word_1_438' title='bbox 2352 3649 2514 3705; x_wconf 85' lang='lat' dir='ltr'><strong>Serv.</strong></span> <span class='ocrx_word' id='word_1_439' title='bbox 2581 3662 2698 3716; x_wconf 86' lang='lat' dir='ltr'><strong>erg.</strong></span> 
     </span>
     <span class='ocr_line' id='line_1_66' title="bbox 1622 3717 2700 3784; baseline -0.002 -11"><span class='ocrx_word' id='word_1_440' title='bbox 1622 3720 1684 3775; x_wconf 88' lang='lat' dir='ltr'><strong>A.</strong></span> <span class='ocrx_word' id='word_1_441' title='bbox 1710 3721 1759 3782; x_wconf 89' lang='lat'><strong>8,</strong></span> <span class='ocrx_word' id='word_1_442' title='bbox 1770 3722 1896 3782; x_wconf 85' lang='grc'><strong>349;</strong></span> <span class='ocrx_word' id='word_1_443' title='bbox 1923 3717 2183 3774; x_wconf 79' lang='lat' dir='ltr'><strong>Lactant.</strong></span> <span class='ocrx_word' id='word_1_444' title='bbox 2205 3722 2257 3782; x_wconf 88' lang='lat'><strong>4,</strong></span> <span class='ocrx_word' id='word_1_445' title='bbox 2271 3720 2365 3782; x_wconf 88' lang='grc'><strong>28;</strong></span> <span class='ocrx_word' id='word_1_446' title='bbox 2392 3718 2700 3784; x_wconf 71' lang='lat' dir='ltr'><strong>Anqustin.</strong></span> 
     </span>
     <span class='ocr_line' id='line_1_67' title="bbox 1624 3784 2701 3850; baseline -0.002 -9"><span class='ocrx_word' id='word_1_447' title='bbox 1624 3794 1757 3843; x_wconf 84' lang='lat' dir='ltr'><strong>retr.</strong></span> <span class='ocrx_word' id='word_1_448' title='bbox 1784 3790 1842 3850; x_wconf 89' lang='lat'><strong>1,</strong></span> <span class='ocrx_word' id='word_1_449' title='bbox 1869 3791 1949 3842; x_wconf 84' lang='lat'><strong>13.</strong></span> <span class='ocrx_word' id='word_1_450' title='bbox 1984 3802 2095 3842; x_wconf 89' lang='lat' dir='ltr'><strong>ver.</strong></span> <span class='ocrx_word' id='word_1_451' title='bbox 2122 3786 2220 3842; x_wconf 89' lang='lat' dir='ltr'><strong>rel.</strong></span> <span class='ocrx_word' id='word_1_452' title='bbox 2245 3784 2367 3849; x_wconf 78' lang='lat'>55).</span> <span class='ocrx_word' id='word_1_453' title='bbox 2396 3785 2477 3840; x_wconf 86' lang='lat' dir='ltr'><strong>als</strong></span> <span class='ocrx_word' id='word_1_454' title='bbox 2504 3786 2701 3839; x_wconf 79' lang='lat' dir='ltr'><strong>‘Aner-</strong></span> 
     </span>
     <span class='ocr_line' id='line_1_68' title="bbox 1622 3851 2703 3923; baseline -0.001 -14"><span class='ocrx_word' id='word_1_455' title='bbox 1622 3852 1886 3923; x_wconf 86' lang='lat' dir='ltr'><strong>kennung</strong></span> <span class='ocrx_word' id='word_1_456' title='bbox 1910 3855 2008 3910; x_wconf 92' lang='lat' dir='ltr'><strong>der</strong></span> <span class='ocrx_word' id='word_1_457' title='bbox 2035 3852 2450 3923; x_wconf 80' lang='lat' dir='ltr'><strong>Verpflichtung</strong></span> <span class='ocrx_word' id='word_1_458' title='bbox 2473 3867 2597 3920; x_wconf 83' lang='lat' dir='ltr'><strong>geg.</strong></span> <span class='ocrx_word' id='word_1_459' title='bbox 2609 3851 2703 3908; x_wconf 86' lang='lat' dir='ltr'><strong>die</strong></span> 
     </span>
     <span class='ocr_line' id='line_1_69' title="bbox 1627 3920 2704 3988; baseline -0.003 -11"><span class='ocrx_word' id='word_1_460' title='bbox 1627 3921 1847 3985; x_wconf 74' lang='lat' dir='ltr'><strong>Gotter,</strong></span> <span class='ocrx_word' id='word_1_461' title='bbox 1883 3920 2154 3977; x_wconf 87' lang='lat' dir='ltr'><strong>wodurch</strong></span> <span class='ocrx_word' id='word_1_462' title='bbox 2186 3936 2313 3976; x_wconf 88' lang='lat' dir='ltr'><strong>man</strong></span> <span class='ocrx_word' id='word_1_463' title='bbox 2349 3921 2467 3976; x_wconf 85' lang='lat' dir='ltr'><strong>sich</strong></span> <span class='ocrx_word' id='word_1_464' title='bbox 2490 3921 2704 3988; x_wconf 69' lang='lat' dir='ltr'><strong>qebun·</strong></span> 
     </span>
     <span class='ocr_line' id='line_1_70' title="bbox 1623 3987 2713 4057; baseline -0.005 -13"><span class='ocrx_word' id='word_1_465' title='bbox 1623 3989 1735 4046; x_wconf 84' lang='lat' dir='ltr'><strong>den</strong></span> <span class='ocrx_word' id='word_1_466' title='bbox 1761 3987 1969 4052; x_wconf 78' lang='lat' dir='ltr'><strong>fuhlt’;</strong></span> <span class='ocrx_word' id='word_1_467' title='bbox 2007 3988 2117 4046; x_wconf 87' lang='lat' dir='ltr'><strong>Cic.</strong></span> <span class='ocrx_word' id='word_1_468' title='bbox 2151 3988 2328 4045; x_wconf 88' lang='lat' dir='ltr'><strong>selbst</strong></span> <span class='ocrx_word' id='word_1_469' title='bbox 2348 3995 2483 4057; x_wconf 71' lang='lat' dir='ltr'><strong>sagi</strong></span> <span class='ocrx_word' id='word_1_470' title='bbox 2516 3988 2624 4044; x_wconf 82' lang='lat' dir='ltr'><strong>inv.</strong></span> <span class='ocrx_word' id='word_1_471' title='bbox 2649 3990 2713 4049; x_wconf 70' lang='lat'><strong>2,</strong></span> 
     </span>
     <span class='ocr_line' id='line_1_71' title="bbox 1623 4055 2702 4127; baseline 0.001 -18"><span class='ocrx_word' id='word_1_472' title='bbox 1623 4060 1714 4113; x_wconf 77' lang='lat'><strong>53:</strong></span> <span class='ocrx_word' id='word_1_473' title='bbox 1745 4058 1945 4125; x_wconf 77' lang='lat' dir='ltr'><strong>reliqio</strong></span> <span class='ocrx_word' id='word_1_474' title='bbox 1972 4065 2073 4121; x_wconf 87' lang='lat' dir='ltr'><strong>est,</strong></span> <span class='ocrx_word' id='word_1_475' title='bbox 2099 4066 2243 4127; x_wconf 78' lang='lat' dir='ltr'><strong>quae</strong></span> <span class='ocrx_word' id='word_1_476' title='bbox 2269 4055 2575 4126; x_wconf 87' lang='lat' dir='ltr'><strong>superioris</strong></span> <span class='ocrx_word' id='word_1_477' title='bbox 2603 4071 2702 4110; x_wconf 88' lang='lat' dir='ltr'><strong>cu-</strong></span> 
     </span>
     <span class='ocr_line' id='line_1_72' title="bbox 1622 4123 2706 4194; baseline -0.001 -16"><span class='ocrx_word' id='word_1_478' title='bbox 1622 4124 1837 4181; x_wconf 88' lang='lat' dir='ltr'><strong>iusdam</strong></span> <span class='ocrx_word' id='word_1_479' title='bbox 1860 4132 2113 4188; x_wconf 86' lang='lat' dir='ltr'><strong>naturae,</strong></span> <span class='ocrx_word' id='word_1_480' title='bbox 2150 4140 2317 4194; x_wconf 87' lang='lat' dir='ltr'><strong>quam</strong></span> <span class='ocrx_word' id='word_1_481' title='bbox 2340 4123 2575 4179; x_wconf 80' lang='lat' dir='ltr'><strong>divinam</strong></span> <span class='ocrx_word' id='word_1_482' title='bbox 2600 4138 2673 4177; x_wconf 83' lang='lat' dir='ltr'><strong>vo</strong></span> <span class='ocrx_word' id='word_1_483' title='bbox 2688 4154 2706 4162; x_wconf 89' lang='lat'><strong>·</strong></span> 
     </span>
     <span class='ocr_line' id='line_1_73' title="bbox 1623 4189 2710 4261; baseline -0.005 -11"><span class='ocrx_word' id='word_1_484' title='bbox 1623 4200 1766 4255; x_wconf 84' lang='lat' dir='ltr'><strong>cant,</strong></span> <span class='ocrx_word' id='word_1_485' title='bbox 1792 4209 1978 4248; x_wconf 88' lang='lat' dir='ltr'><strong>curam</strong></span> <span class='ocrx_word' id='word_1_486' title='bbox 1998 4192 2497 4261; x_wconf 86' lang='lat' dir='ltr'><strong>caerimoniamque</strong></span> <span class='ocrx_word' id='word_1_487' title='bbox 2521 4189 2710 4246; x_wconf 79' lang='lat' dir='ltr'><strong>affert.</strong></span> 
     </span>
     <span class='ocr_line' id='line_1_74' title="bbox 1619 4259 2714 4327; baseline -0.003 -11"><span class='ocrx_word' id='word_1_488' title='bbox 1619 4286 1689 4301; x_wconf 90' lang='lat'>—</span> <span class='ocrx_word' id='word_1_489' title='bbox 1735 4260 1831 4316; x_wconf 85' lang='lat' dir='ltr'><strong>Die</strong></span> <span class='ocrx_word' id='word_1_490' title='bbox 1863 4260 1944 4316; x_wconf 86' lang='lat' dir='ltr'><strong>als</strong></span> <span class='ocrx_word' id='word_1_491' title='bbox 1981 4259 2246 4327; x_wconf 72' lang='lat' dir='ltr'><strong>Analogia</strong></span> <span class='ocrx_word' id='word_1_492' title='bbox 2286 4260 2714 4326; x_wconf 81' lang='lat' dir='ltr'><strong>herangezoge-</strong></span> 
     </span>
    </p>
   </div>
   <div class='ocr_carea' id='block_1_11' title="bbox 2940 2516 2943 3115">
    <p class='ocr_par' dir='ltr' id='par_1_13' title="bbox 2940 2516 2943 3115">
     <span class='ocr_line' id='line_1_75' title="bbox 2940 2516 2943 3115; baseline 0 0"><span class='ocrx_word' id='word_1_493' title='bbox 2940 2516 2943 3115; x_wconf 95' lang='lat' dir='ltr'><strong> </strong></span> 
     </span>
    </p>
   </div>
  </div>
 </body>
</html>
