2975 4842
1381 262 1845 328 -156-

506 435 703 514 aliquo
733 436 890 496 inter
919 453 1001 506 se,
1034 454 1108 496 an
1138 436 1252 496 iam
1282 435 1422 495 inde
1454 433 1527 495 ab
1551 439 1688 496 ortu
1712 441 1920 495 natura
1946 434 2072 512 ipsa
2095 440 2486 512 congregatae
2509 431 2744 516 sint13).

501 555 590 566 -
632 521 735 581 Est
783 523 959 581 etiam
1007 521 1315 581 admiratio
1357 518 1639 581 nonnulla
1691 520 1751 579 in
1810 519 2015 580 bestiis
2061 517 2413 597 aquatilibus
2453 519 2539 580 eis
2590 537 2751 599 quae

504 607 828 684 gignuntur
870 606 931 664 in
974 614 1159 666 terrat
1200 604 1379 665 veluti
1409 604 1696 665 crocodili
1736 603 2162 682 fluviatilesque
2207 599 2531 665 testudines
2561 622 2747 684 quae-

504 690 760 769 damque
788 698 1097 769 serpentes
1126 696 1289 751 ortae
1313 696 1476 750 extra
1507 706 1738 768 aquam,
1772 686 1948 750 simul
1971 706 2040 749 ac
2062 690 2316 767 primum
2341 689 2448 749 niti
2470 697 2743 766 possunt,

503 792 716 854 aquam
756 781 1192 853 persequuntur
1213 771 1303 854 1⁴¹).
1380 772 1535 845 Quin
1592 776 1769 835 etiam
1822 781 2062 834 anatum
2118 792 2225 834 ova
2280 772 2511 851 gallinis
2563 791 2743 852 saepe

507 861 922 939 supponimus:
954 878 985 920 e
1009 858 1225 938 quibus
1249 857 1392 939 pulli
1417 860 1531 919 orti
1551 861 1809 937 primum
1836 856 2073 920 aluntur
2088 858 2163 918 ab
2186 858 2293 927 his,
2319 866 2430 918 uta
2451 858 2744 919 matribus

506 961 539 1004 a
573 942 791 1023 quibus
822 941 1046 1005 exclusi
1074 943 1299 1022 fotique
1329 951 1467 1005 sunt
1484 940 1587 1022 15);
1620 943 1834 1005 deinde
1866 961 1966 1004 eas
1994 942 2337 1022 relinquunt
2367 950 2426 1002 et
2454 942 2738 1020 effugiunt

506 1036 852 1108 sequentes,
887 1046 1018 1088 cum
1045 1029 1299 1108 primum
1333 1046 1547 1107 aquam
1578 1030 1741 1107 quasi
1772 1026 2100 1089 naturalem
2131 1028 2370 1089 domum
2401 1027 2602 1088 videre
2632 1046 2739 1106 po-

503 1119 763 1174 tuerunt.
854 1112 1101 1173 Tantam
1153 1115 1421 1192 ingenuit
1478 1111 1874 1174 animantibus
1931 1112 2321 1173 conservandi
2378 1114 2470 1174 sui
2528 1120 2742 1173 natura

503 1196 846 1258 custodiam.
882 1229 963 1242 --
1006 1197 1152 1275 Legi
1181 1200 1354 1258 etiam
1385 1198 1703 1278 scriptum,
1751 1215 1879 1258 esse
1910 1214 2074 1258 avem
2105 1195 2401 1275 quandam
2432 1215 2584 1276 quae
2614 1196 2744 1277 pla·

501 1281 650 1342 talea
696 1283 1133 1352 nominaretur3
1180 1301 1312 1343 eam
1365 1282 1479 1342 sibi
1521 1282 1718 1344 cibum
1760 1299 2050 1361 quaerere
2105 1278 2472 1343 advolantem
2516 1282 2589 1342 ad
2642 1299 2745 1342 eas

505 1384 637 1426 aves
670 1384 820 1444 quae
852 1384 916 1425 se
946 1369 1007 1427 in
1038 1368 1189 1427 mari
1222 1376 1592 1445 mergerent;
1640 1384 1790 1446 quae
1821 1385 1957 1429 cum
1990 1368 2372 1428 emersissent
2399 1367 2747 1447 piscemque

484 1452 827 1530 cepissent,
872 1468 1059 1530 usque
1108 1469 1179 1512 eo
1222 1469 1498 1529 premere
1542 1469 1748 1513 eorum
1792 1453 1983 1532 capita
2036 1451 2365 1521 mordicuS‚
2420 1451 2559 1512 dum
2606 1450 2744 1512 illae

505 1542 744 1614 captum
777 1535 1119 1598 amitterent
1145 1537 1207 1596 in
1241 1536 1394 1614 quod
1433 1537 1560 1617 ipsa
1593 1536 1895 1599 invaderet
1914 1533 2003 1615 16).
2061 1535 2399 1615 Eademque
2441 1536 2591 1597 haec
2620 1538 2746 1596 avi-s

502 1618 780 1680 scribitur
825 1620 1066 1680 conchis
1106 1639 1171 1683 se
1213 1621 1407 1683 solere
1435 1620 1738 1701 complere
1769 1640 2014 1701 easque,
2060 1639 2193 1682 cum
2225 1620 2514 1681 stomachi
2543 1620 2746 1681 calore

502 1705 862 1773 concoxerit,
897 1723 1169 1768 evomere
1202 1714 1376 1786 atque
1405 1709 1484 1767 ita
1520 1707 1738 1786 eligere
1768 1725 1840 1767 ex
1862 1708 1948 1767 eis
1978 1724 2127 1787 quae
2157 1711 2296 1767 sunt
2329 1703 2631 1768 esculenta
2648 1702 2735 1784 ¹⁷).

500 1789 701 1851 Ranae
731 1798 927 1850 autem
961 1793 1223 1852 marinae
1249 1791 1530 1853 dicuntur
1561 1791 1815 1853 obruere
1840 1809 1970 1852 sese
1990 1809 2172 1852 arena
2202 1788 2396 1851 solere
2426 1798 2484 1851 et
2515 1793 2739 1851 moveri

499 1891 687 1953 prope
718 1891 964 1952 aquam;
998 1875 1071 1937 ad
1104 1893 1248 1953 quas
1276 1878 1442 1954 quasi
1472 1877 1545 1938 ad
1578 1895 1769 1938 escam
1803 1878 1998 1955 pisces
2028 1894 2162 1936 cum
2187 1876 2566 1945 accesserint,
2601 1893 2738 1936 con-

497 1959 597 2019 fici
627 1978 659 2019 a
690 1961 852 2019 ranis
882 1967 1057 2038 atque
1100 1963 1369 2021 consumi
1389 1957 1478 2037 18).
1515 1996 1591 2005 —
1624 1959 1802 2022 Miluo
1851 1968 1943 2022 est
1983 1960 2281 2040 quoddam
2323 1958 2542 2022 bellum
2573 1961 2739 2039 quasi

496 2043 766 2104 naturale
797 2061 929 2104 cum
963 2063 1159 2105 corvo.
1205 2045 1363 2124 Ergo
1388 2043 1538 2107 alter
1568 2044 1828 2114 alterius,
1860 2045 2219 2123 ubicumque
2250 2053 2457 2106 nactus
2489 2052 2597 2116 est,
2630 2063 2737 2105 ova

498 2126 722 2205 frangit
738 2124 828 2204 ¹⁹).
890 2126 1037 2189 Illud
1074 2148 1210 2190 vero
1242 2129 1315 2190 ab
1346 2130 1659 2191 Aristotele
1690 2131 2194 2200 animadversum,
2229 2148 2260 2189 a
2291 2147 2408 2209 quo
2438 2128 2736 2209 pleraque,

499 2213 630 2292 quis
658 2220 853 2292 potest
883 2231 1002 2275 non
1035 2215 1240 2274 mirari
1252 2213 1368 2294 ²⁰)‘2
1398 2233 1581 2295 grues
1611 2233 1744 2276 cum
1776 2215 1907 2275 loca
1938 2214 2217 2276 calidiora
2246 2221 2516 2294 petentes
2553 2216 2741 2275 maria

496 2362 560 2418 Η.
576 2365 635 2417 A.
647 2366 695 2426 5,
711 2367 799 2426 15;
827 2364 1046 2419 Aelian.
1068 2363 1201 2420 H.A.
1224 2370 1271 2429 3,
1292 2368 1384 2429 29;
1410 2366 1564 2422 Plin.

499 2446 552 2486 n.
578 2431 631 2485 h.
657 2435 705 2493 9,
730 2435 823 2493 42;
850 2431 901 2486 d.
923 2431 1095 2488 Sache
1119 2433 1192 2487 ist
1216 2433 1400 2489 indess
1427 2435 1566 2490 nach

502 2513 746 2553 neueren
780 2498 1274 2568 Untersuchungen
1322 2501 1567 2557 zweil'el-

496 2564 631 2620 hait.
676 2593 744 2603 —
791 2569 1116 2622 societatem
1147 2571 1302 2623 coire
1332 2597 1400 2610 ·-
1425 2569 1567 2636 Nep.

499 2631 630 2687 Con.
666 2636 724 2694 2,
758 2636 815 2687 2;
853 2648 976 2688 cum
999 2633 1438 2692 Lacedaemoniis
1473 2653 1567 2694 so-

499 2702 757 2755 cietatem
798 2702 1030 2757 coierat.
1087 2729 1155 2739 —
1215 2703 1305 2767 13)
1357 2703 1472 2760 Dat.
1516 2703 1566 2759 b.

497 2766 687 2823 Passiv
710 2783 974 2836 quaeror,
1001 2769 1110 2824 wie
1135 2768 1212 2826 St.
1231 2775 1280 2834 9,
1300 2774 1348 2827 9.
1369 2799 1439 2811 -
1464 2773 1567 2827 ad-

494 2838 703 2891 mirari
755 2835 856 2891 mit
912 2835 1143 2906 abbang.
1198 2838 1316 2918 Dop
1360 2838 1568 2907 elsrage

500 2903 631 2969 (wie
654 2903 751 2984 das
766 2902 930 2983 ΙΕῐρςΙ.
956 2904 977 2960 1
1001 2905 1248 2970 wonder,
1276 2856 1357 2975 til:
1384 2908 1566 2963 worin

496 2971 1566 3119 eataeati-..tanaitas:333

498 3123 562 3161 so
589 3105 770 3173 gleich
797 3108 1114 3164 admiratio.
1149 3138 1215 3146 —
1250 3125 1567 3177 conpressu

497 3172 532 3228 i.
561 3190 605 3228 e.
641 3182 830 3229 mutua
860 3176 1247 3240 conventione,
1280 3177 1565 3246 Wyttenb.

385 3302 392 3309 ἡ
495 3267 562 3276 -—
600 3240 685 3307 14)
722 3244 830 3296 niti
858 3270 923 3279 —
961 3243 1114 3305 „sich
1149 3242 1564 3310 aufstemmen“,

495 3323 545 3360 v.
571 3307 623 3361 d.
643 3307 964 3376 Bewegung
987 3309 1347 3367 kriechender
1367 3312 1564 3368 Thiere

496 3377 755 3442 vermoge
778 3375 876 3430 der
899 3376 1350 3444 Bauchmuskeln,
1393 3378 1559 3446 Ver-q.

494 3441 555 3496 A.
581 3445 639 3505 2,
662 3446 790 3497 443:
829 3445 1091 3499 nituntur
1125 3444 1412 3511 gradibus,
1448 3445 1566 3502 Sal.

498 3509 612 3577 lug.
627 3515 709 3574 60,
721 3514 779 3565 4:
808 3514 914 3566 niti
929 3510 1276 3580 corporibus.
1288 3540 1356 3552 ·-—
1370 3513 1567 3578 15)eoe-

493 3578 644 3633 clusi
652 3606 718 3615 —
731 3595 799 3634 zu
812 3581 873 3634 A.
884 3584 948 3633 33
962 3599 975 3642 ;
995 3581 1109 3648 foti
1117 3608 1182 3617 —
1194 3578 1323 3636 ibid.
1338 3600 1351 3634 ε
1377 3581 1565 3650 pullos

492 3645 569 3701 ita
580 3653 809 3702 tuentur
818 3654 882 3703 ut
891 3648 1084 3717 pennis
1094 3647 1349 3717 foveant,
1376 3666 1446 3705 ne
1467 3649 1564 3705 sri-

488 3727 631 3834 ἕστε,
658 3712 969 3777 laedantur;
996 3715 1113 3771 also
1139 3714 1265 3772 kein
1283 3715 1563 3784 Hysteron

455 3831 459 3835 .
535 3782 1102 3851 roteron,wieEinige
1113 3784 1354 3852 gemeint
1365 3783 1560 3850 baben,

496 3848 585 3904 die
604 3848 718 3917 foti
747 3849 844 3906 aui
875 3850 971 3907 das
994 3850 1271 3908 Bebriiten
1307 3852 1404 3908 der
1436 3851 1561 3910 Eier

488 3914 754 3984 bezogen.
778 3945 840 3956 —
870 3917 956 3987 16)
972 3919 1226 3986 platalea
1244 3947 1311 3956 —
1328 3919 1560 3983 „Loisel-

489 3988 687 4051 gans“,
746 3994 904 4042 sonst
949 3986 1104 4042 nicht
1150 3986 1561 4051 vorkommend,

492 4052 635 4107 denn
659 4051 709 4107 b.
734 4052 884 4109 Ptin.
908 4070 961 4110 n.
974 4054 1026 4109 h.
1055 4057 1134 4118 10,
1159 4060 1227 4108 40
1251 4055 1361 4122 (56)
1386 4055 1562 4112 heisst

490 4135 616 4242 {³511}
621 4120 868 4244 ‘imi’
872 4120 1031 4258 13111ἒῖ
1044 4122 1383 4246 ’ὲὲῐῖἶῗῖἶὲξε
1398 4123 1561 4246 111ἒῖ·

492 4261 634 4319 gunt
670 4263 725 4311 et
758 4255 935 4325 capita
969 4255 1187 4313 illarum
1213 4273 1403 4314 morsu
1428 4273 1560 4314 con-

1671 2366 1905 2434 ripiens,
1977 2364 2153 2421 donec
2217 2372 2500 2434 capturam
2556 2372 2739 2421 extor-

1670 2440 1854 2514 queat.
1923 2432 2136 2489 Neuerc
2181 2432 2605 2511 Naturforscher
2646 2431 2739 2488 be-

1671 2502 1885 2556 richten
1920 2499 2170 2557 dasselbe
2206 2517 2312 2556 von
2343 2514 2494 2555 emer
2515 2500 2736 2556 Moven-

1672 2575 1781 2632 art,
1816 2569 2011 2625 lestris
2046 2568 2134 2624 od.
2167 2568 2332 2624 larus
2361 2570 2736 2635 parasiticae.

1668 2663 1736 2675 —
1785 2637 1868 2701 17)
1916 2635 2073 2692 Diese
2119 2635 2420 2693 Thatsache
2466 2634 2739 2692 berichtet

1668 2702 1848 2759 Arist.
1872 2703 1935 2759 H.
1960 2705 2021 2760 A.
2047 2708 2103 2768 9,
2131 2708 2194 2757 10
2229 2720 2337 2760 von
2372 2703 2548 2759 einem
2571 2707 2737 2756 πελε-

1670 2772 1802 2832 nois,
1837 2770 2236 2841 „Kropfgans“,
2272 2787 2318 2826 e.
2354 2771 2456 2826 Art
2486 2770 2738 2833 Pelikan;

1667 2837 1819 2894 Plin.
1845 2837 1880 2893 l.
1906 2855 1978 2895 c.:
2019 2839 2204 2895 eadem
2228 2854 2353 2894 cum
2377 2838 2653 2895 devoratis
2680 2853 2737 2893 se

1671 2905 1921 2975 implevit
1965 2907 2215 2969 conchis,
2272 2907 2464 2963 calore
2521 2908 2744 2963 ventris

1669 2981 1862 3032 coctas
1886 2977 2088 3030 evomit
2109 2981 2275 3043 atque
2293 2975 2367 3031 ita
2394 2991 2458 3030 ex
2479 2974 2557 3031 eis
2575 2989 2739 3030 escu-

1669 3043 1826 3098 lenta
1871 3042 2027 3110 eliqit
2072 3050 2239 3098 testas
2283 3057 2598 3099 excernens,
2665 3040 2739 3096 Es

1670 3111 1909 3172 scheint,
1942 3109 2022 3165 als
2056 3125 2222 3165 wenn
2254 3108 2364 3165 ihm
2392 3110 2542 3165 Cic.’s
2578 3110 2742 3177 eigne

1667 3177 1867 3234 Worte
1901 3177 2058 3233 dabei
2091 3176 2317 3244 vorgele
2360 3194 2425 3233 en
2450 3176 2644 3233 haben.
2668 3205 2738 3215 —

1671 3246 1753 3309 18)
1766 3245 1867 3301 Das
1887 3244 2007 3300 hier
2025 3244 2299 3312 gemeinte
2352 3245 2473 3299 hier
2490 3244 2563 3299 ist
2584 3243 2737 3312 eigtl.

1670 3312 1757 3368 ein
1783 3311 2257 3391 froschahnlicher
2280 3311 2465 3374 Fiscb,
2494 3312 2738 3368 lonchus

1665 3382 2046 3447 piscatorias,
2082 3394 2164 3446 gr.
2199 3375 2395 3439 αλιεύς
2432 3378 2638 3444 (Arist.
2672 3378 2736 3434 H.

1668 3448 1729 3502 A.
1755 3452 1806 3511 9,
1829 3447 1944 3513 37),
1968 3447 2119 3504 Ptin.
2147 3463 2199 3501 n.
2226 3447 2279 3502 h.
2306 3451 2356 3508 9,
2382 3451 2472 3500 42:
2509 3464 2613 3503 nec
2636 3448 2735 3502 mi-

1668 3531 1774 3570 nor
1815 3513 2062 3571 sollertia
2112 3530 2276 3569 ranae
2322 3530 2464 3583 quae
2508 3514 2566 3569 in
2600 3515 2737 3569 mari

1666 3582 1930 3651 piscatrix
1977 3590 2232 3645 vocatum
2294 3581 2583 3637 eminentia
2632 3580 2738 3638 sub

1670 3649 1845 3705 oculis
1872 3649 2153 3708 cornicula
2175 3647 2396 3706 turbato
2423 3648 2555 3705 limo
2583 3666 2739 3705 exse·

1665 3717 1763 3782 rit,
1798 3716 2201 3774 adsultantibus
2235 3716 2479 3787 piscibus
2563 3724 2736 3773 ertra-

1662 3785 1817 3849 bens,
1844 3785 2020 3843 donec
2042 3794 2152 3841 tam
2176 3801 2355 3855 prope
2387 3800 2482 3840 acc
2554 3792 2649 3841 ant
2673 3791 2738 3840 ut

1664 3852 1899 3910 adsiliat.
1952 3881 2022 3891 —
2080 3854 2174 3919 19)
2230 3853 2441 3909 miluus
2500 3852 2585 3909 od.
2636 3853 2737 3907 mit

1664 3936 1891 3977 conson.
1918 3939 1981 3984 u,
2007 3922 2240 3986 milvus,
2267 3937 2331 3976 so
2359 3920 2473 3976 bes.
2496 3920 2550 3976 b.
2572 3919 2736 3975 Dich-

1663 3995 1812 4044 tern:
1841 3988 2279 4055 „Geier‚Falke“,
2307 4004 2429 4043 zum
2489 4003 2625 4044 enus
2647 4003 2737 4043 ac-

1664 4056 1921 4126 cipitrum
1947 4056 2195 4124 geborig,
2219 4054 2358 4111 Plin.
2384 4073 2435 4111 n.
2502 4097 2516 4113 .
2544 4059 2624 4118 10,
2653 4059 2738 4109 10.

1659 4149 1728 4165 —-·
1761 4124 1856 4189 20)
1890 4125 2353 4180 animadversum
2381 4150 2449 4161 —
2489 4122 2736 4188 „Wahr-

1662 4192 2007 4259 nehmung“;
2057 4209 2093 4247 a
2126 4208 2236 4259 quo
2263 4193 2541 4259 pleraque
2564 4218 2632 4228 —
2657 4205 2738 4246 sc.

1663 4259 2031 4316 animadversa
2066 4267 2212 4316 sunt.
2236 4286 2306 4296 —
2330 4257 2630 4328 Uebrigens
2659 4258 2742 4314 ist
