2975 4842
1179 192 1605 278 ...88-

522 461 634 516 80.
717 456 846 517 Die
888 457 1193 516 Athener
1234 453 1384 537 und
1427 456 1553 512 dae
1595 453 2011 524 Delphische
2054 456 2326 532 orthol-

1161 567 1335 635 (legg.
1358 564 1434 632 11,
1463 568 1549 632 16,
1572 567 1679 633 40.)
1773 558 1781 564 ’
2313 562 2320 571 ”
2355 560 2362 567 ⁴

473 688 866 760 Athenienses
898 706 1033 753 cum
1065 684 1445 751 consulerent
1470 686 1801 765 Apollinem
1832 685 2106 768 Pythium
2126 735 2142 759 ‚
2186 704 2334 765 quas
2360 689 2564 766 potis·

294 775 516 836 simum
536 770 576 854 ¹)
621 772 943 853 religiones
984 778 1288 841 tenerent,
1333 769 1644 833 oraculum
1687 770 1907 834 editum
1949 778 2070 834 est:
2118 790 2217 835 eas
2260 789 2552 851 quaees-

296 866 439 920 sent
477 858 538 917 in
568 874 738 923 more
753 854 798 935 2)
841 856 1154 918 maiorum.
1219 855 1350 927 Quo
1382 873 1515 917 cum
1557 857 1777 917 iterum
1807 857 2108 919 venissent
2132 857 2551 936 maiorumque

305 959 537 1003 morem
573 941 857 1021 dixissent
884 958 1066 1020 saepe
1107 958 1239 1001 esse
1267 945 1557 1005 mutatum
1590 941 2073 1020 quaesissentque
2104 958 2279 1020 quem
2315 958 2551 1005 morem

300 1023 736 1105 potissimum¹)
769 1030 1164 1104 sequerentur
1196 1044 1229 1085 e
1258 1025 1463 1095 variiS,
1503 1025 1837 1105 respondit:
1898 1027 2217 1104 ‘optimum
2232 1027 2276 1087 -'.
2332 1059 2420 1071 -
2476 1023 2551 1087 Et

302 1110 575 1190 profecto
605 1110 683 1172 ita
717 1117 836 1183 est,
879 1116 946 1171 ut
958 1106 1004 1190 3)
1037 1109 1099 1171 id
1129 1107 1471 1177 habendum
1502 1110 1578 1170 sit
1605 1109 2075 1188 antiquissimum
2117 1116 2177 1172 et
2206 1106 2319 1175 deo
2348 1110 2557 1188 proxi—

300 1210 469 1256 mum·
498 1194 658 1274 quod
687 1195 763 1255 sit
792 1195 1103 1276 optimum.

763 1387 868 1441 81.
954 1356 1081 1442 Die
1123 1382 1651 1455 Eleusinischen
1692 1383 2091 1453 Mysterien,

1167 1495 1339 1564 (legg.
1363 1496 1436 1561 11,
1466 1498 1547 1557 14,
1574 1495 1681 1563 36.)

473 1616 624 1681 Cum
657 1615 841 1676 multa
874 1615 1019 1679 mihi
1063 1616 1271 1679 eximia
1303 1615 1617 1693 divinaque
1647 1616 1920 1678 videntur
1950 1615 2220 1677 Athenae
2250 1617 2556 1695 peperisse
2644 1689 2647 1692 ⁴

297 1706 482 1778 atque
524 1701 589 1759 in
630 1700 807 1761 vitam
838 1699 1147 1761 hominum
1191 1698 1487 1772 attulisse,
1530 1708 1654 1762 tum
1679 1698 1719 1779 ¹)
1764 1699 1909 1762 nihil
1938 1700 2152 1762 melius
2193 1700 2308 1762 illis
2336 1709 2553 1782 myste-

295 1782 504 1863 riis2),
555 1784 772 1861 quibus
817 1803 889 1845 ex
930 1785 1149 1863 agresti
1192 1786 1556 1865 immanique
1596 1785 1710 1845 vita
1754 1784 1970 1847 exculti
2016 1785 2089 1847 ad
2130 1786 2555 1848 humanitatem
2666 1827 2675 1834 -

303 1876 365 1930 et
395 1869 646 1947 mitigati
676 1886 916 1939 sumus;
961 1869 1243 1946 initiaque
1257 1865 1303 1947 ³)
1345 1876 1413 1931 ut
1442 1866 1843 1949 appella-ntur,
1885 1871 1963 1931 ita
1993 1889 2061 1932 re
2091 1888 2230 1932 vera
2260 1870 2557 1952 principia
2658 1883 2661 1886 ’

361 2104 413 2168 1)
444 2105 806 2171 potissimum
840 2103 962 2158 adv.
1003 2103 1374 2172 „hauptsach-

286 2169 435 2233 lich,
482 2171 539 2225 in
591 2179 769 2233 erster
804 2169 1021 2233 Linie,‘⁸;
1061 2170 1248 2237 Bezug
1283 2169 1381 2226 auf

282 2238 471 2301 vide,
499 2238 609 2294 wie
630 2241 822 2310 potius
841 2236 1190 2301 heizweien;
1215 2237 1376 2294 Caes,

300 2305 362 2361 B.
400 2304 455 2360 G.
491 2309 549 2369 2,
593 2309 686 2360 43:
713 2305 808 2374 qui
837 2306 1036 2372 potiss.
1074 2322 1139 2361 ex
1173 2321 1257 2361 ma
1300 2321 1375 2360 no

296 2389 535 2428 numero
564 2372 1024 2436 conscenderent;
1058 2370 1206 2445 Nep.
1292 2372 1375 2428 ilt.

297 2443 346 2502 1,
376 2444 434 2494 2:
461 2456 578 2509 quo
601 2447 715 2507 pot.
743 2440 882 2495 duce
906 2447 1224 2504 merentum
1261 2441 1374 2495 Ate

299 2512 349 2569 3,
387 2511 436 2569 3,
463 2511 494 2559 3
519 2524 575 2561 ιι.
604 2510 686 2569 12,
715 2511 773 2570 1;
801 2522 943 2574 gew.
965 2506 1377 2586 ansPron.'eng

294 2572 1376 2722 225533¹3¹33315¹÷5233h12>ge352t¹1212251ss5

294 2715 372 2764 ist
415 2709 569 2765 nicht
612 2709 785 2766 naher
832 2708 1170 2776 anzugeben.
1213 2737 1282 2747 —
1313 2725 1377 2765 m

294 2792 454 2832 more
492 2791 621 2833 esse
664 2774 951 2839 „bct-uhen
987 2775 1145 2840 auf“;
1182 2775 1235 2832 le
1277 2819 1288 2831 .
1326 2780 1375 2840 2,

292 2849 384 2897 16:
424 2843 684 2912 deinceps
724 2852 810 2899 est
855 2845 916 2899 in
950 2844 1071 2912 leae
1103 2850 1192 2906 ut:
1270 2860 1376 2900 om.

290 2917 350 2973 5,
392 2914 483 2965 11:
546 2928 636 2967 res
678 2919 795 2966 erat
822 2928 960 2972 ,non
1005 2915 1068 2967 in
1112 2914 1378 2980 opinione

293 2977 491 3042 dubia,
530 2977 628 3034 sed
674 2981 736 3033 in
781 2979 1058 3049 praesenti
1105 2978 1375 3049 periculo.

291 3044 476 3102 Merke
526 3045 580 3101 d.
626 3045 1030 3103 Redensarten:
1068 3049 1246 3103 moris
1291 3053 1376 3102 est

295 3129 391 3177 „es
425 3113 501 3169 ist
524 3114 805 3176 Branch“;
833 3120 1077 3181 praeter
1111 3129 1157 3169 ε.
1191 3131 1375 3180 supra

298 3196 516 3236 morem
573 3180 797 3244 „wider
838 3180 1266 3236 Gewohnheit“.
1304 3198 1376 3221 --·

300 3248 352 3312 3)
391 3249 473 3301 ita
508 3253 595 3303 est
630 3251 696 3302 ut
730 3263 798 3301 zu
833 3263 949 3303 vor.
988 3246 1083 3310 St„
1117 3247 1181 3301 A.
1215 3251 1263 3302 5.
1305 3275 1377 3288 -—

301 3316 476 3380 antiq.
500 3312 795 3369 habere—
819 3316 1092 3381 antiquus
1118 3313 1204 3369 od.
1231 3316 1374 3369 anti·

250 3385 257 3391 '
302 3397 400 3437 cus
431 3381 615 3446 (ante),
644 3397 760 3436 was
798 3398 969 3437 voran
996 3381 1146 3437 steht
1169 3399 1225 3437 ιι.
1248 3398 1376 3437 -vor-

298 3449 576 3516 angehert
596 3477 667 3488 ——-
686 3463 829 3515 gew.
866 3449 939 3512 im
967 3447 1154 3517 Comp.
1178 3448 1304 3504 Her.
1325 3453 1375 3512 3,

297 3521 347 3579 3,
377 3521 437 3571 5:
465 3518 843 3584 antiquiorem
868 3522 1104 3571 mortem
1129 3516 1375 3586 turpitu-

295 3584 425 3638 dine
437 3582 651 3640 habere
665 3602 678 3646 ;
705 3581 911 3650 haufig:
930 3582 1069 3637 nihil
1083 3585 1376 3652 antiquius

293 3649 476 3705 habeo
500 3649 589 3706 od.
604 3657 690 3706 est
706 3648 841 3705 mihi
862 3649 1009 3719 aliqd
1024 3651 1202 3717 (nihil)
1225 3654 1375 3708 anti-

293 3718 465 3784 quius
479 3735 493 3780 ;
523 3715 741 3786 Superl.
753 3717 1113 3785 „vorzuglich
1124 3719 1305 3776 werth
1319 3736 1374 3776 ιι.

295 3785 497 3840 theuer
507 3784 750 3847 halten“,
768 3785 880 3843 Att.
905 3789 985 3850 12,
1006 3789 1054 3848 5,
1074 3790 1133 3842 4:
1156 3787 1224 3844 de
1244 3787 1374 3844 Tul-

294 3851 370 3907 lia
395 3869 517 3909 mea
544 3851 644 3907 tihi
665 3854 1122 3918 antiquissimum
1148 3870 1272 3910 esse
1295 3856 1373 3909 vi-

296 3918 439 3975 deoz.
470 3919 537 3976 ad
565 3917 667 3988 Qu.
702 3917 768 3974 fr.
793 3923 861 3982 ·2,
909 3924 996 3975 13:
1040 3921 1373 3978 iudiciorum

295 4003 520 4043 causam
562 3988 1018 4054 antiquissimam
1054 4005 1114 4044 se
1154 3989 1374 4047 habitu-

295 4071 418 4110 rum
446 4054 602 4111 dixit.
633 4083 704 4094 —
775 4058 1062 4116 roccimum
1095 4074 1145 4112 v.
1173 4057 1224 4112 d.
1248 4056 1373 4113 Rei-

290 4119 578 4189 henfolge,
592 4121 714 4178 dem
765 4138 903 4192 ange
915 4124 1205 4180 uwel-the
1216 4126 1372 4180 nach.

364 4189 416 4255 1)
445 4188 584 4247 Cum
606 4219 675 4233 ·-—
700 4197 818 4248 tum
852 4209 970 4262 seq.
1005 4191 1119 4247 Ind.
1138 4191 1190 4247 d.
1227 4199 1373 4248 erste

1481 2102 1638 2159 Glied
1680 2104 1907 2168 enthalt,
1935 2103 2319 2172 vergleichend
2353 2121 2407 2159 u.
2435 2105 2551 2159 ein-

1479 2170 1646 2226 leiten
1652 2171 1703 2235 d,
1717 2180 1890 2227 etwas
1901 2170 2339 2239 Allgemeines,d.
2350 2172 2555 2228 zweite

1481 2245 1610 2293 etw.
1621 2238 1703 2294 als
1718 2238 2520 2307 wiehtigHervorzuhehendes
2532 2257 2551 2304 ς

1480 2304 1794 2373 dahhaufig
1862 2312 1980 2363 tum
2056 2307 2202 2363 noch
2275 2306 2558 2364 verstarkt·

1480 2373 1657 2428 durch
1694 2389 1858 2440 vere,
1893 2377 2091 2440 etiam,
2124 2376 2374 2430 maoeime
2408 2391 2570 2431 usw..

1479 2440 1552 2495 B.
1597 2440 1633 2506 S
1659 2445 1775 2504 315,
1801 2446 1860 2496 3..
1897 2441 1963 2497 M.
1999 2441 2035 2507 S
2059 2445 2178 2496 982.
2236 2442 2310 2498 Ε.
2340 2441 2399 2498 S.
2433 2445 2569 2498 349.-

1476 2507 1553 2564 K.
1579 2508 1616 2573 S
1630 2512 1744 2573 149,
1772 2513 1851 2563 10.
1873 2516 1944 2552 -‘
1963 2510 2017 2574 2)
2040 2509 2137 2564 Die
2159 2507 2401 2565 Eleusin.
2422 2508 2551 2578 My-

1477 2577 1692 2632 sterien
1705 2576 1978 2632 beruhten
1998 2575 2098 2632 auf
2107 2576 2340 2633 uraltem
2355 2577 2554 2634 Cultus

1480 2643 1998 2710 geheimnissvoller
2078 2643 2213 2709 (bes,
2294 2644 2551 2701 chthoni-

1480 2710 1663 2775 scher)
1687 2709 2090 2769 Naturmachte.
2145 2710 2247 2767 Das
2273 2711 2558 2768 Giittliche

1479 2777 1636 2833 ward
1661 2778 1718 2833 in
1742 2779 1910 2834 ihnen
1935 2777 2161 2833 bildlich
2210 2778 2549 2847 symbolisch

1482 2844 1570 2900 od.
1593 2845 1883 2914 plastisch]
1908 2861 2009 2901 vor
2050 2844 2189 2903 estel
2212 2853 2263 2910 t,
2289 2846 2429 2902 aher
2443 2860 2556 2905 nur

1479 2928 1582 2968 vor
1617 2912 1965 2976 Gew'eihten,
2048 2913 2099 2968 ie
2134 2931 2177 2968 s.
2211 2913 2326 2969 bes,
2351 2930 2555 2970 vorzu·

1479 2978 1729 3036 hereiten
1763 2981 1971 3036 hatten.
2039 2979 2143 3037 Das
2184 2979 2461 3037 Wachsen
2494 2997 2573 3037 ιι.-
2643 3029 2658 3034 -

1476 3045 1787 3103 Absterben
1801 3047 1851 3103 d.
1862 3042 2255 3103 Pflanzenwelt
2279 3048 2551 3119 (Demeter

1476 3113 1972 3250 aaziae}
1992 3115 2568 3239 &aeneadi-

1427 3252 1432 3259 '
1481 3248 1587 3304 den
1597 3248 1858 3305 Wechsel
1883 3248 2124 3309 V.Lehen
2148 3250 2261 3307 und
2281 3250 2396 3306 Tod
2423 3251 2552 3317 (Un-

1481 3315 1866 3373 sterhlichkeit
1914 3343 1985 3359 ·-—
2038 3316 2426 3386 Vergeltung).
2467 3344 2555 3379 ,—

1480 3386 1729 3451 aqrestis
1753 3386 2141 3452 immanisque,
2168 3400 2237 3440 zu
2258 3384 2335 3440 St.
2357 3391 2405 3449 ὅ,
2429 3385 2492 3440 Α.
2519 3388 2561 3436 1·

1478 3467 1535 3505 ιι.
1571 3450 1649 3506 St.
1674 3455 1767 3505 88:
1802 3452 2041 3508 barbari
2071 3458 2128 3509 et
2160 3455 2450 3509 immanes.
2478 3480 2551 3494 —-

1478 3516 1610 3574 Ueh,
1622 3518 1673 3573 d.
1684 3517 1921 3575 Einssuss
1946 3519 2041 3575 des
2051 3519 2552 3576 Demeterdienstes

1479 3584 1755 3642 Schiller:
1804 3587 1898 3642 das
1932 3585 2252 3657 Eleusische
2295 3587 2439 3643 Fest.
2480 3614 2552 3629 ·-

1479 3653 1533 3718 3)
1559 3655 1753 3720 initia,
1790 3654 1883 3710 lat.
1908 3661 1947 3709 t.
1983 3661 2021 3709 t.
2049 3652 2085 3709 f.
2113 3654 2164 3709 d.
2228 3671 2271 3710 r.
2296 3655 2552 3721 τελεταί,

1478 3720 1848 3789 Einweihung
1888 3739 1943 3777 u.
1988 3721 2185 3777 Vollen
2264 3736 2366 3790 ng:
2419 3721 2551 3790 ang.

1478 3788 1517 3844 f.
1542 3789 1592 3845 M
1635 3789 1838 3845 sterien
1866 3788 2022 3845 Curt.
2045 3793 2094 3852 8,
2122 3792 2168 3851 1,
2194 3793 2287 3845 26:
2410 3789 2429 3845 i
2455 3789 2574 3846 Sa·-

1477 3872 1570 3911 mo
1638 3872 1824 3911 racum
1848 3859 2013 3912 initia
2038 3857 2303 3912 viserunt.
2376 3858 2573 3915 astina.

1444 3955 1450 3961 ·
1478 3927 1527 3986 5,
1555 3926 1609 3977 1:
1636 3922 1944 3980 Alcibiades
1979 3923 2176 3980 absens
2209 3924 2440 3980 Athenis
2465 3926 2559 3980 in-

1479 3990 1772 4047 simulatur
1796 3994 2069 4058 mysteria
2098 3990 2330 4047 Cereris
2359 3994 2551 4048 initio—

1478 4074 1625 4121 rum,
1653 4075 1805 4115 sacra
1824 4058 1980 4114 nullo
2001 4059 2174 4126 magis
2194 4075 2360 4128 quam
2379 4059 2574 4116 silem-m

1477 4125 1558 4180 tio
1587 4124 1837 4189 solemni,
1876 4125 2277 4189 enunciavisse;
2316 4125 2389 4181 id.
2424 4130 2474 4190 2,
2499 4130 2574 4189 6,.

1480 4196 1570 4248 13;
1607 4200 1809 4249 noctes
1842 4194 2136 4250 initiarum
2178 4201 2440 4250 sacratae.
2480 4221 2561 4236 ·-
